<div class="J9cp1"><div id="plp-dfp-banner" data-testid="plp-dfp-banner" class="j8pQI" data-google-query-id="CNed4_ru8o0DFbtuHQkd6FsntQ"><div id="google_ads_iframe_/8326/grocery/search_0__container__" style="border: 0pt; display: inline-block; width: 100%; height: auto;"><iframe frameborder="0" style="border: 0px; vertical-align: bottom; min-width: 100%;" src="https://0bb646a3b578e5202f43df38f015affe.safeframe.googlesyndication.com/safeframe/1-0-45/html/container.html" id="google_ads_iframe_/8326/grocery/search_0" title="3rd party ad content" name="" scrolling="no" marginwidth="0" marginheight="0" width="0" height="134" data-is-safeframe="true" sandbox="allow-forms allow-popups allow-popups-to-escape-sandbox allow-same-origin allow-scripts allow-top-navigation-by-user-activation" aria-label="Advertisement" tabindex="0" data-google-container-id="3" data-load-complete="true"></iframe></div></div><h1 data-auto="search-results-page-heading" class="component__StyledHeading-sc-1t0ixqu-0 bolVQn ddsweb-heading lY4yd">Results for “fish”</h1><div class="IUDbB"><h2 class="component__StyledHeading-sc-1t0ixqu-0 hlhUFI ddsweb-heading zuk4q">Popular Filters</h2><ul class="ReLS_"><li class="gHI9R"><button class="styled__StyledTextButton-sc-8hxn3m-0 jpOXRQ styled__StyledChip-sc-15x790w-0 juMvDx ddsweb-chip__button ddsweb-button ddsweb-button--text-button" type="button" data-di-id="di-id-4b7a65fe-4cda91b2"><span class="shared-containers__StyledInnerContainer-sc-93ev6e-2 gplLQL ddsweb-button__inner-container"><span class="styled__VisuallyHidden-sc-15x790w-1 gfPauc ddsweb-chip__sr-button-icon">Add</span>Fish Fillets<span class="shared-containers__StyledIconContainer-sc-93ev6e-1 kqdRtL ddsweb-button__icon-container"><svg class="ddsweb-chip__button-icon" xmlns="http://www.w3.org/2000/svg" fill="none" viewBox="0 0 24 24" width="24px" height="24px" data-di-res-id="7125424e-16b5c483" data-di-rand="1749971260957"><path fill-rule="evenodd" clip-rule="evenodd" d="M11.4 12.6V18H12.6V12.6H18V11.4H12.6V6H11.4V11.4H6V12.6H11.4Z" fill="currentColor"></path></svg></span></span></button></li><li class="gHI9R"><button class="styled__StyledTextButton-sc-8hxn3m-0 jpOXRQ styled__StyledChip-sc-15x790w-0 juMvDx ddsweb-chip__button ddsweb-button ddsweb-button--text-button" type="button" data-di-id="di-id-b3226a3b-c4f54a5d"><span class="shared-containers__StyledInnerContainer-sc-93ev6e-2 gplLQL ddsweb-button__inner-container"><span class="styled__VisuallyHidden-sc-15x790w-1 gfPauc ddsweb-chip__sr-button-icon">Add</span>Salmon &amp; Trout<span class="shared-containers__StyledIconContainer-sc-93ev6e-1 kqdRtL ddsweb-button__icon-container"><svg class="ddsweb-chip__button-icon" xmlns="http://www.w3.org/2000/svg" fill="none" viewBox="0 0 24 24" width="24px" height="24px" data-di-res-id="7125424e-1aaa4d33" data-di-rand="1749971260957"><path fill-rule="evenodd" clip-rule="evenodd" d="M11.4 12.6V18H12.6V12.6H18V11.4H12.6V6H11.4V11.4H6V12.6H11.4Z" fill="currentColor"></path></svg></span></span></button></li><li class="gHI9R"><button class="styled__StyledTextButton-sc-8hxn3m-0 jpOXRQ styled__StyledChip-sc-15x790w-0 juMvDx ddsweb-chip__button ddsweb-button ddsweb-button--text-button" type="button" data-di-id="di-id-71dbc93d-88a55885"><span class="shared-containers__StyledInnerContainer-sc-93ev6e-2 gplLQL ddsweb-button__inner-container"><span class="styled__VisuallyHidden-sc-15x790w-1 gfPauc ddsweb-chip__sr-button-icon">Add</span>Coated Fish<span class="shared-containers__StyledIconContainer-sc-93ev6e-1 kqdRtL ddsweb-button__icon-container"><svg class="ddsweb-chip__button-icon" xmlns="http://www.w3.org/2000/svg" fill="none" viewBox="0 0 24 24" width="24px" height="24px" data-di-res-id="7125424e-d9f21a96" data-di-rand="1749971260957"><path fill-rule="evenodd" clip-rule="evenodd" d="M11.4 12.6V18H12.6V12.6H18V11.4H12.6V6H11.4V11.4H6V12.6H11.4Z" fill="currentColor"></path></svg></span></span></button></li><li class="gHI9R"><button class="styled__StyledTextButton-sc-8hxn3m-0 jpOXRQ styled__StyledChip-sc-15x790w-0 juMvDx ddsweb-chip__button ddsweb-button ddsweb-button--text-button" type="button" data-di-id="di-id-9e6c42f7-aa1e0120"><span class="shared-containers__StyledInnerContainer-sc-93ev6e-2 gplLQL ddsweb-button__inner-container"><span class="styled__VisuallyHidden-sc-15x790w-1 gfPauc ddsweb-chip__sr-button-icon">Add</span>Cod, Haddock &amp; White Fish<span class="shared-containers__StyledIconContainer-sc-93ev6e-1 kqdRtL ddsweb-button__icon-container"><svg class="ddsweb-chip__button-icon" xmlns="http://www.w3.org/2000/svg" fill="none" viewBox="0 0 24 24" width="24px" height="24px" data-di-res-id="7125424e-d4640763" data-di-rand="1749971260957"><path fill-rule="evenodd" clip-rule="evenodd" d="M11.4 12.6V18H12.6V12.6H18V11.4H12.6V6H11.4V11.4H6V12.6H11.4Z" fill="currentColor"></path></svg></span></span></button></li></ul></div><div class="uNVlV"><div class="OONzJ"><button class="styled__StyledTextButton-sc-8hxn3m-0 cOmjQt p3IRX ddsweb-button ddsweb-button--text-button" type="button" data-testid="show-filter-btn" aria-label="Open Filters" data-di-id="di-id-935aff42-3b714ca0"><span class="shared-containers__StyledInnerContainer-sc-93ev6e-2 gplLQL ddsweb-button__inner-container">Filters<span class="shared-containers__StyledIconContainer-sc-93ev6e-1 kqdRtL ddsweb-button__icon-container"><svg xmlns="http://www.w3.org/2000/svg" fill="none" viewBox="0 0 24 24" width="24px" height="24px" data-di-res-id="7125424e-ecbb7d5f" data-di-rand="1749971260957"><path fill-rule="evenodd" clip-rule="evenodd" d="M6.04 7.34c-1.13 0-2.1-.75-2.42-1.79H2.47v-1.5h1.15a2.54 2.54 0 0 1 4.85 0h13.06v1.5H8.47a2.54 2.54 0 0 1-2.43 1.8ZM5.01 4.81a1.04 1.04 0 0 1 2.07 0 1.04 1.04 0 0 1-2.07 0Zm11.8 9.73c1.14 0 2.1-.76 2.43-1.79h2.3v-1.5h-2.3a2.54 2.54 0 0 0-4.85 0H2.47v1.5h11.92a2.54 2.54 0 0 0 2.42 1.79Zm0-3.58a1.04 1.04 0 0 0 0 2.08 1.04 1.04 0 0 0 0-2.08Zm-4.78 10.77c1.14 0 2.1-.75 2.43-1.79h7.07v-1.5h-7.07a2.54 2.54 0 0 0-4.85 0H2.47v1.5h7.14a2.54 2.54 0 0 0 2.42 1.8Zm0-3.57a1.04 1.04 0 0 0 0 2.07 1.04 1.04 0 0 0 0-2.07Z" fill="currentColor"></path></svg></span></span></button><div class="jUqf5"><label class="styled__StyledLabel-sc-1bpek9-0 SZGxL Zdgxv ddsweb-label" for="sortBy">Sort by</label><div class="vzf97"><div class="base-components__RootElement-sc-150pv2j-1 styled__Container-sc-1g47hf0-0 gUUOsR eIqdSW ddsweb-dropdown__container"><select aria-disabled="false" aria-label="Sort by" class="styled__HiddenSelect-sc-1g47hf0-3 gVwnUt ddsweb-dropdown__hidden-select" id="sortBy"><option value="relevance">Relevance</option><option value="price-ascending">Price: Low to High</option><option value="price-descending">Price: High to Low</option></select><span aria-hidden="true" class="styled__SelectSpan-sc-1g47hf0-2 bdsYyV ddsweb-dropdown__select-span">Relevance</span><svg aria-hidden="true" class="styled__SVG-sc-1fqfvah-1 iGyaMX styled__AlignedIcon-sc-1g47hf0-1 ivCfuA ddsweb-dropdown__select-icon ddsweb-icon__svg" height="12" preserveAspectRatio="xMinYMax meet" viewBox="0 -1 20 12" width="20" xmlns="http://www.w3.org/2000/svg" color="currentColor" data-di-res-id="7125424e-b165d77a" data-di-rand="1749971260957"><path d="M18.652 1.312L10 10.276 1.356 1.312" fill="none" stroke="#666666"></path></svg></div></div></div></div><div class="Vut_g" data-testid="pagination-result-count">Showing <strong class="w8aYc">1 to 26</strong> of <strong class="w8aYc">278</strong> items</div></div><div class="UhLlD"></div><div class="X0cWC"><button class="styled__StyledTextButton-sc-8hxn3m-0 pqbta HEEeV ddsweb-button ddsweb-button--text-button" type="button" data-di-id="di-id-6526c442-b442410"><span class="shared-containers__StyledInnerContainer-sc-93ev6e-2 gplLQL ddsweb-button__inner-container"><span class="shared-containers__StyledIconContainer-sc-93ev6e-1 bPsvnD ddsweb-button__icon-container"><svg xmlns="http://www.w3.org/2000/svg" fill="none" viewBox="0 0 24 24" width="24px" height="24px" data-di-res-id="29465218-bce3bfe4" data-di-rand="1749971260958"><path fill-rule="evenodd" clip-rule="evenodd" d="M6.04 7.34c-1.13 0-2.1-.75-2.42-1.79H2.47v-1.5h1.15a2.54 2.54 0 0 1 4.85 0h13.06v1.5H8.47a2.54 2.54 0 0 1-2.43 1.8ZM5.01 4.81a1.04 1.04 0 0 1 2.07 0 1.04 1.04 0 0 1-2.07 0Zm11.8 9.73c1.14 0 2.1-.76 2.43-1.79h2.3v-1.5h-2.3a2.54 2.54 0 0 0-4.85 0H2.47v1.5h11.92a2.54 2.54 0 0 0 2.42 1.79Zm0-3.58a1.04 1.04 0 0 0 0 2.08 1.04 1.04 0 0 0 0-2.08Zm-4.78 10.77c1.14 0 2.1-.75 2.43-1.79h7.07v-1.5h-7.07a2.54 2.54 0 0 0-4.85 0H2.47v1.5h7.14a2.54 2.54 0 0 0 2.42 1.8Zm0-3.57a1.04 1.04 0 0 0 0 2.07 1.04 1.04 0 0 0 0-2.07Z" fill="currentColor"></path></svg></span>Sort and filter (278)</span></button></div><ul id="list-content" class="YObNe"><li data-testid="310127031" class="WL_DZ" data-auto-available="true"><div class="_ecrj"><div class="styled__StyledVerticalTile-sc-1r1v9f3-1 LihIl"><div class="styled__StyledOfferSashList-sc-1hqhl0m-0 cYkJYf"><span class="styled__StyledContainer-sc-u78h3f-0 ksPYjx styled__StyledMarketPlaceTag-sc-1hqhl0m-1 iOxbpf ddsweb-tag__container">Sponsored</span><span class="styled__StyledContainer-sc-u78h3f-0 KKFUP styled__StyledMarketPlaceTag-sc-1hqhl0m-1 iOxbpf ddsweb-tag__container" aria-label="New product">New</span></div><div class="woiNV"></div><div class="styled__StyledImageContainer-sc-t48uy4-0 bixZuE KZ_O1"><a class="styled__ImageContainer-sc-1fweb41-0 heyylO" href="/groceries/en-GB/products/310127031" aria-hidden="true" tabindex="-1" data-testid="imageContainer_310127031" data-di-id="di-id-745e762e-aea32021"><img alt="" aria-label="" orientation="vertical" src="https://digitalcontent.api.tesco.com/v2/media/ghs/b440bb9b-fd96-4738-95ca-5b2cc70cc349/e23093ac-c123-454e-9ef5-83bfcc9a8427.jpeg?h=225&amp;w=225" loading="lazy" data-testid="imageElement_310127031" class="styled__StyledImage-sc-1fweb41-1 hCXoFX"></a></div><div class="styled__StyledTitleContainer-sc-t48uy4-1 hmpPZn"><h2 class="component__StyledHeading-sc-1t0ixqu-0 iDJPjF ddsweb-heading styled-sc-mz7xly-0 kXoSwE styled__StyledTitle-sc-1a6zg7t-0 etoGWB b_hC4 ddsweb-title-link__container"><a class="styled__Anchor-sc-1i711qa-0 gRXcDF ddsweb-title-link__link ddsweb-link__anchor" href="/groceries/en-GB/products/310127031" aria-label="Mowi 2 Scottish Salmon Fillets 230G" data-di-id="di-id-799bdb7e-d8750a9c"><span class="styled__Text-sc-1i711qa-1 bsLJsh ddsweb-link__text">Mowi 2 Scottish Salmon Fillets 230G</span></a></h2></div><div class="zWmtM"><div class="styled__StyledNonInteractiveContainer-sc-1de15j6-7 klymXO ddsweb-rating__container" data-testid="star-rating" aria-label="Average customer rating 4.3 out of 5 stars"><svg class="ddsweb-rating__icon-active" aria-hidden="true" xmlns="http://www.w3.org/2000/svg" width="12" height="12" viewBox="0 0 12 12" fill="none" data-di-res-id="29465218-6591be1f" data-di-rand="1749971260958"><path fill="var(--ddsweb-theme-colors-tesco-blue, #00539f)" stroke="var(--ddsweb-theme-colors-grayscale, #666666)" d="M6.24228 9.51529L6 9.38108L5.75772 9.51529L2.9631 11.0633L3.50417 7.74036L3.54466 7.49166L3.36886 7.31115L1.03607 4.91585L4.23368 4.42624L4.49754 4.38584L4.61078 4.14411L6 1.17863L7.38922 4.14411L7.50246 4.38584L7.76632 4.42624L10.9639 4.91585L8.63114 7.31115L8.45534 7.49166L8.49583 7.74035L9.0369 11.0633L6.24228 9.51529Z"></path></svg><svg class="ddsweb-rating__icon-active" aria-hidden="true" xmlns="http://www.w3.org/2000/svg" width="12" height="12" viewBox="0 0 12 12" fill="none" data-di-res-id="90f1f071-90dfa747" data-di-rand="1749971260958"><path fill="var(--ddsweb-theme-colors-tesco-blue, #00539f)" stroke="var(--ddsweb-theme-colors-grayscale, #666666)" d="M6.24228 9.51529L6 9.38108L5.75772 9.51529L2.9631 11.0633L3.50417 7.74036L3.54466 7.49166L3.36886 7.31115L1.03607 4.91585L4.23368 4.42624L4.49754 4.38584L4.61078 4.14411L6 1.17863L7.38922 4.14411L7.50246 4.38584L7.76632 4.42624L10.9639 4.91585L8.63114 7.31115L8.45534 7.49166L8.49583 7.74035L9.0369 11.0633L6.24228 9.51529Z"></path></svg><svg class="ddsweb-rating__icon-active" aria-hidden="true" xmlns="http://www.w3.org/2000/svg" width="12" height="12" viewBox="0 0 12 12" fill="none" data-di-res-id="29465218-efbb06b3" data-di-rand="1749971260958"><path fill="var(--ddsweb-theme-colors-tesco-blue, #00539f)" stroke="var(--ddsweb-theme-colors-grayscale, #666666)" d="M6.24228 9.51529L6 9.38108L5.75772 9.51529L2.9631 11.0633L3.50417 7.74036L3.54466 7.49166L3.36886 7.31115L1.03607 4.91585L4.23368 4.42624L4.49754 4.38584L4.61078 4.14411L6 1.17863L7.38922 4.14411L7.50246 4.38584L7.76632 4.42624L10.9639 4.91585L8.63114 7.31115L8.45534 7.49166L8.49583 7.74035L9.0369 11.0633L6.24228 9.51529Z"></path></svg><svg class="ddsweb-rating__icon-active" aria-hidden="true" xmlns="http://www.w3.org/2000/svg" width="12" height="12" viewBox="0 0 12 12" fill="none" data-di-res-id="29465218-d1ea26cd" data-di-rand="1749971260958"><path fill="var(--ddsweb-theme-colors-tesco-blue, #00539f)" stroke="var(--ddsweb-theme-colors-grayscale, #666666)" d="M6.24228 9.51529L6 9.38108L5.75772 9.51529L2.9631 11.0633L3.50417 7.74036L3.54466 7.49166L3.36886 7.31115L1.03607 4.91585L4.23368 4.42624L4.49754 4.38584L4.61078 4.14411L6 1.17863L7.38922 4.14411L7.50246 4.38584L7.76632 4.42624L10.9639 4.91585L8.63114 7.31115L8.45534 7.49166L8.49583 7.74035L9.0369 11.0633L6.24228 9.51529Z"></path></svg><svg class="ddsweb-rating__icon-half-active" aria-hidden="true" xmlns="http://www.w3.org/2000/svg" width="12" height="12" viewBox="0 0 12 12" fill="none" data-di-res-id="29465218-8c19c38d" data-di-rand="1749971260958"><g clip-path="url(#clip0_1_2)"><path d="M6.24228 9.51529L6 9.38108L5.75772 9.51529L2.9631 11.0633L3.50417 7.74036L3.54466 7.49166L3.36886 7.31115L1.03607 4.91585L4.23368 4.42624L4.49754 4.38584L4.61078 4.14411L6 1.17863L7.38922 4.14411L7.50246 4.38584L7.76632 4.42624L10.9639 4.91585L8.63114 7.31115L8.45534 7.49166L8.49583 7.74036L9.0369 11.0633L6.24228 9.51529Z" fill="var(--ddsweb-theme-colors-tesco-blue, #00539f)"></path><path fill-rule="evenodd" clip-rule="evenodd" d="M6 9.95267V0L7.842 3.932L12 4.56867L8.98933 7.66L9.696 12L6 9.95267Z" fill="var(--ddsweb-theme-colors-white, #ffffff)"></path></g><path stroke="var(--ddsweb-theme-colors-grayscale, #666666)" d="M6.24228 9.51529L6 9.38108L5.75772 9.51529L2.9631 11.0633L3.50417 7.74036L3.54466 7.49166L3.36886 7.31115L1.03607 4.91585L4.23368 4.42624L4.49754 4.38584L4.61078 4.14411L6 1.17863L7.38922 4.14411L7.50246 4.38584L7.76632 4.42624L10.9639 4.91585L8.63114 7.31115L8.45534 7.49166L8.49583 7.74035L9.0369 11.0633L6.24228 9.51529Z"></path><defs><clipPath id="clip0_1_2"><rect width="12" height="12" fill="white"></rect></clipPath></defs></svg><p class="text__StyledText-sc-1jpzi8m-0 kiGrpI ddsweb-text styled__StyledHint-sc-1de15j6-8 MfAbW ddsweb-rating__hint">4.3 (47)</p></div></div><div class="styled__StyledVariationsContainer-sc-t48uy4-13 bDZUAH"></div><div class="styled__StyledDeliveryMessageContainer-sc-t48uy4-7 hhgAvL"></div><div class="styled__StyledDetailsContainer-sc-t48uy4-2 dMquZm" orientation="vertical"><a class="styled__Anchor-sc-1i711qa-0 lfiJmH styled__StyledLink-sc-k2gmo0-0 iktlRk ddsweb-link__anchor" href="/groceries/en-GB/reviews/submission/310127031" data-di-id="di-id-5538334c-91c7cb06"><span class="styled__Text-sc-1i711qa-1 RIkWH ddsweb-link__text">Write a review</span><span class="styled__IconContainer-sc-1i711qa-2 femlOX ddsweb-link__icon-container"><svg aria-hidden="true" class="styled__SVG-sc-1fqfvah-1 iGyaMX ddsweb-link__icon ddsweb-icon__svg" height="10" preserveAspectRatio="xMinYMax meet" viewBox="-1 0 12 20" width="6" xmlns="http://www.w3.org/2000/svg" color="currentColor" data-di-res-id="29465218-a1743266" data-di-rand="1749971260958"><path d="M1.312 1.348L10.276 10l-8.964 8.644" fill="none" stroke="currentColor"></path></svg></span></a><a class="styled__Anchor-sc-1i711qa-0 lfiJmH styled__StyledLink-sc-1ylrywh-0 joIFCQ ddsweb-link__anchor" href="/groceries/en-GB/shop/fresh-food/chilled-fish-and-seafood/salmon-and-trout/chilled-salmon-fillets" aria-label="Rest of shelf Chilled Salmon Fillets" data-di-id="di-id-f1e58df8-cd57543f"><span class="styled__Text-sc-1i711qa-1 RIkWH ddsweb-link__text">Rest of shelf</span><span class="styled__IconContainer-sc-1i711qa-2 femlOX ddsweb-link__icon-container"><svg aria-hidden="true" class="styled__SVG-sc-1fqfvah-1 iGyaMX ddsweb-link__icon ddsweb-icon__svg" height="10" preserveAspectRatio="xMinYMax meet" viewBox="-1 0 12 20" width="6" xmlns="http://www.w3.org/2000/svg" color="currentColor" data-di-res-id="29465218-eb085ddd" data-di-rand="1749971260958"><path d="M1.312 1.348L10.276 10l-8.964 8.644" fill="none" stroke="currentColor"></path></svg></span></a></div><div class="styled__StyledPromotionsContainer-sc-t48uy4-4 iFrZAf"></div><div class="styled__StyledBuyBoxContainer-sc-t48uy4-3 jYiGsR SYzVz" orientation="vertical"><div class="base-components__RootElement-sc-150pv2j-1 styled__Container-sc-159tobh-0 gUUOsR cyGXML gmbSL ddsweb-buybox__container"><div class="base-components__BaseElement-sc-150pv2j-0 styled__PriceAndActions-sc-159tobh-3 iwUsaJ hyWgI ddsweb-buybox__price-and-actions"><div class="styled__StyledPriceContainer-sc-159tobh-5 kpODmQ"><div class="base-components__RootElement-sc-150pv2j-1 styled__Container-sc-v0qv7n-0 gUUOsR dECJWY ddsweb-buybox__price ddsweb-price__container"><p class="text__StyledText-sc-1jpzi8m-0 gyHOWz ddsweb-text styled__PriceText-sc-v0qv7n-1 cXlRF">£5.75</p><p class="text__StyledText-sc-1jpzi8m-0 kiGrpI ddsweb-text styled__Subtext-sc-v0qv7n-2 kLkheV ddsweb-price__subtext">£25.00/kg</p></div></div><div class="base-components__RootElement-sc-150pv2j-1 styled__Container-sc-195yncy-0 gUUOsR fGLoHO ddsweb-buybox__actions ddsweb-quantity-controls__container"><div class="base-components__RootElement-sc-150pv2j-1 styled__Container-sc-1rbigln-0 gUUOsR jjKXIy styled__StyledFormGroup-sc-195yncy-1 ldxiiI ddsweb-quantity-controls__form-group ddsweb-form-group__container"><label class="styled__StyledLabel-sc-1bpek9-0 CsZQe styled__StyledLabel-sc-1rbigln-2 eaqwEU ddsweb-form-group__label ddsweb-label" for="quantity-controls-310127031">Quantity controls, undefined</label><div class="base-components__BaseElement-sc-150pv2j-0 styled__Children-sc-1rbigln-5 iwUsaJ csugvD ddsweb-form-group__children"><div class="styled__StyledQuantityControlWrapper-sc-195yncy-6 lbTVkV"><label id="quantity-controls-310127031-label" class="styled__VisuallyHiddenLabel-sc-195yncy-7 bflMtB">Quantity of Mowi 2 Scottish Salmon Fillets 230G</label><div class="component__Wrapper-sc-19wd3h0-3 kiZcNf input-wrapper"><input class="base-components__RootElement-sc-150pv2j-1 styled__StyledInput-sc-7h0jvk-0 component__StyledAsInput-sc-19wd3h0-4 gUUOsR hlAFFt styled__StyledInput-sc-195yncy-3 jPiMHf ddsweb-quantity-controls__input ddsweb-input" data-auto="ddsweb-quantity-controls-input" autocomplete="off" id="quantity-controls-310127031" maxlength="2" type="number" aria-labelledby="quantity-controls-310127031-label" value="1" data-di-id="#quantity-controls-310127031"></div></div><button class="styled__StyledTextButton-sc-8hxn3m-0 bjIvKR styled__StyledButton-sc-195yncy-5 jUbPrY ddsweb-quantity-controls__add-button ddsweb-button ddsweb-button--text-button" type="submit" data-auto="ddsweb-quantity-controls-add-button" aria-label="add 1 Mowi 2 Scottish Salmon Fillets 230G" data-di-id="di-id-5b3a8376-ffd151a0"><span class="shared-containers__StyledInnerContainer-sc-93ev6e-2 gplLQL ddsweb-button__inner-container">Add</span></button></div></div></div></div></div></div><div class="styled__StyledMessagingContainer-sc-t48uy4-5 jHhxvV" orientation="vertical"></div></div></div></li><li data-testid="304399212" class="WL_DZ" data-auto-available="true"><div class="_ecrj"><div class="styled__StyledVerticalTile-sc-1r1v9f3-1 LihIl"><div class="styled__StyledOfferSashList-sc-1hqhl0m-0 cYkJYf"><span class="styled__StyledContainer-sc-u78h3f-0 ksPYjx styled__StyledMarketPlaceTag-sc-1hqhl0m-1 iOxbpf ddsweb-tag__container">Sponsored</span></div><div class="woiNV"></div><div class="styled__StyledImageContainer-sc-t48uy4-0 bixZuE KZ_O1"><a class="styled__ImageContainer-sc-1fweb41-0 irjUEM" href="/groceries/en-GB/products/304399212" aria-hidden="true" tabindex="-1" data-testid="imageContainer_304399212" data-di-id="di-id-745e762e-b42a0d56"><img alt="" aria-label="" orientation="vertical" src="https://digitalcontent.api.tesco.com/v2/media/ghs/944b4191-763e-4158-947e-637baa93bf3e/c8e524d7-184b-4e14-b54e-23150d35c0d1.jpeg?h=225&amp;w=225" loading="lazy" data-testid="imageElement_304399212" class="styled__StyledImage-sc-1fweb41-1 hCXoFX"></a></div><div class="styled__StyledTitleContainer-sc-t48uy4-1 hmpPZn"><h2 class="component__StyledHeading-sc-1t0ixqu-0 iDJPjF ddsweb-heading styled-sc-mz7xly-0 kXoSwE styled__StyledTitle-sc-1a6zg7t-0 etoGWB b_hC4 ddsweb-title-link__container"><a class="styled__Anchor-sc-1i711qa-0 gRXcDF ddsweb-title-link__link ddsweb-link__anchor" href="/groceries/en-GB/products/304399212" aria-label="Tesco Finest 2 Yellowfin Tuna Steaks 240g" data-di-id="di-id-799bdb7e-c2fc27eb"><span class="styled__Text-sc-1i711qa-1 bsLJsh ddsweb-link__text">Tesco Finest 2 Yellowfin Tuna Steaks 240g</span></a></h2></div><div class="zWmtM"><div class="styled__StyledNonInteractiveContainer-sc-1de15j6-7 klymXO ddsweb-rating__container" data-testid="star-rating" aria-label="Average customer rating 4.3 out of 5 stars"><svg class="ddsweb-rating__icon-active" aria-hidden="true" xmlns="http://www.w3.org/2000/svg" width="12" height="12" viewBox="0 0 12 12" fill="none" data-di-res-id="90f1f071-96e14ef3" data-di-rand="1749971260958"><path fill="var(--ddsweb-theme-colors-tesco-blue, #00539f)" stroke="var(--ddsweb-theme-colors-grayscale, #666666)" d="M6.24228 9.51529L6 9.38108L5.75772 9.51529L2.9631 11.0633L3.50417 7.74036L3.54466 7.49166L3.36886 7.31115L1.03607 4.91585L4.23368 4.42624L4.49754 4.38584L4.61078 4.14411L6 1.17863L7.38922 4.14411L7.50246 4.38584L7.76632 4.42624L10.9639 4.91585L8.63114 7.31115L8.45534 7.49166L8.49583 7.74035L9.0369 11.0633L6.24228 9.51529Z"></path></svg><svg class="ddsweb-rating__icon-active" aria-hidden="true" xmlns="http://www.w3.org/2000/svg" width="12" height="12" viewBox="0 0 12 12" fill="none" data-di-res-id="29465218-d8e946d" data-di-rand="1749971260958"><path fill="var(--ddsweb-theme-colors-tesco-blue, #00539f)" stroke="var(--ddsweb-theme-colors-grayscale, #666666)" d="M6.24228 9.51529L6 9.38108L5.75772 9.51529L2.9631 11.0633L3.50417 7.74036L3.54466 7.49166L3.36886 7.31115L1.03607 4.91585L4.23368 4.42624L4.49754 4.38584L4.61078 4.14411L6 1.17863L7.38922 4.14411L7.50246 4.38584L7.76632 4.42624L10.9639 4.91585L8.63114 7.31115L8.45534 7.49166L8.49583 7.74035L9.0369 11.0633L6.24228 9.51529Z"></path></svg><svg class="ddsweb-rating__icon-active" aria-hidden="true" xmlns="http://www.w3.org/2000/svg" width="12" height="12" viewBox="0 0 12 12" fill="none" data-di-res-id="29465218-8954395a" data-di-rand="1749971260958"><path fill="var(--ddsweb-theme-colors-tesco-blue, #00539f)" stroke="var(--ddsweb-theme-colors-grayscale, #666666)" d="M6.24228 9.51529L6 9.38108L5.75772 9.51529L2.9631 11.0633L3.50417 7.74036L3.54466 7.49166L3.36886 7.31115L1.03607 4.91585L4.23368 4.42624L4.49754 4.38584L4.61078 4.14411L6 1.17863L7.38922 4.14411L7.50246 4.38584L7.76632 4.42624L10.9639 4.91585L8.63114 7.31115L8.45534 7.49166L8.49583 7.74035L9.0369 11.0633L6.24228 9.51529Z"></path></svg><svg class="ddsweb-rating__icon-active" aria-hidden="true" xmlns="http://www.w3.org/2000/svg" width="12" height="12" viewBox="0 0 12 12" fill="none" data-di-res-id="29465218-1c173183" data-di-rand="1749971260958"><path fill="var(--ddsweb-theme-colors-tesco-blue, #00539f)" stroke="var(--ddsweb-theme-colors-grayscale, #666666)" d="M6.24228 9.51529L6 9.38108L5.75772 9.51529L2.9631 11.0633L3.50417 7.74036L3.54466 7.49166L3.36886 7.31115L1.03607 4.91585L4.23368 4.42624L4.49754 4.38584L4.61078 4.14411L6 1.17863L7.38922 4.14411L7.50246 4.38584L7.76632 4.42624L10.9639 4.91585L8.63114 7.31115L8.45534 7.49166L8.49583 7.74035L9.0369 11.0633L6.24228 9.51529Z"></path></svg><svg class="ddsweb-rating__icon-half-active" aria-hidden="true" xmlns="http://www.w3.org/2000/svg" width="12" height="12" viewBox="0 0 12 12" fill="none" data-di-res-id="91fa357d-3f6cd0a6" data-di-rand="1749971260959"><g clip-path="url(#clip0_1_2)"><path d="M6.24228 9.51529L6 9.38108L5.75772 9.51529L2.9631 11.0633L3.50417 7.74036L3.54466 7.49166L3.36886 7.31115L1.03607 4.91585L4.23368 4.42624L4.49754 4.38584L4.61078 4.14411L6 1.17863L7.38922 4.14411L7.50246 4.38584L7.76632 4.42624L10.9639 4.91585L8.63114 7.31115L8.45534 7.49166L8.49583 7.74036L9.0369 11.0633L6.24228 9.51529Z" fill="var(--ddsweb-theme-colors-tesco-blue, #00539f)"></path><path fill-rule="evenodd" clip-rule="evenodd" d="M6 9.95267V0L7.842 3.932L12 4.56867L8.98933 7.66L9.696 12L6 9.95267Z" fill="var(--ddsweb-theme-colors-white, #ffffff)"></path></g><path stroke="var(--ddsweb-theme-colors-grayscale, #666666)" d="M6.24228 9.51529L6 9.38108L5.75772 9.51529L2.9631 11.0633L3.50417 7.74036L3.54466 7.49166L3.36886 7.31115L1.03607 4.91585L4.23368 4.42624L4.49754 4.38584L4.61078 4.14411L6 1.17863L7.38922 4.14411L7.50246 4.38584L7.76632 4.42624L10.9639 4.91585L8.63114 7.31115L8.45534 7.49166L8.49583 7.74035L9.0369 11.0633L6.24228 9.51529Z"></path><defs><clipPath id="clip0_1_2"><rect width="12" height="12" fill="white"></rect></clipPath></defs></svg><p class="text__StyledText-sc-1jpzi8m-0 kiGrpI ddsweb-text styled__StyledHint-sc-1de15j6-8 MfAbW ddsweb-rating__hint">4.3 (34)</p></div></div><div class="styled__StyledVariationsContainer-sc-t48uy4-13 bDZUAH"></div><div class="styled__StyledDeliveryMessageContainer-sc-t48uy4-7 hhgAvL"></div><div class="styled__StyledDetailsContainer-sc-t48uy4-2 dMquZm" orientation="vertical"><a class="styled__Anchor-sc-1i711qa-0 lfiJmH styled__StyledLink-sc-k2gmo0-0 iktlRk ddsweb-link__anchor" href="/groceries/en-GB/reviews/submission/304399212" data-di-id="di-id-5538334c-8b4ee671"><span class="styled__Text-sc-1i711qa-1 RIkWH ddsweb-link__text">Write a review</span><span class="styled__IconContainer-sc-1i711qa-2 femlOX ddsweb-link__icon-container"><svg aria-hidden="true" class="styled__SVG-sc-1fqfvah-1 iGyaMX ddsweb-link__icon ddsweb-icon__svg" height="10" preserveAspectRatio="xMinYMax meet" viewBox="-1 0 12 20" width="6" xmlns="http://www.w3.org/2000/svg" color="currentColor" data-di-res-id="91fa357d-f90fb45a" data-di-rand="1749971260959"><path d="M1.312 1.348L10.276 10l-8.964 8.644" fill="none" stroke="currentColor"></path></svg></span></a><a class="styled__Anchor-sc-1i711qa-0 lfiJmH styled__StyledLink-sc-1ylrywh-0 joIFCQ ddsweb-link__anchor" href="/groceries/en-GB/shop/fresh-food/chilled-fish-and-seafood/tuna/fresh-tuna" aria-label="Rest of shelf Fresh Tuna" data-di-id="di-id-ce4c5c60-21830169"><span class="styled__Text-sc-1i711qa-1 RIkWH ddsweb-link__text">Rest of shelf</span><span class="styled__IconContainer-sc-1i711qa-2 femlOX ddsweb-link__icon-container"><svg aria-hidden="true" class="styled__SVG-sc-1fqfvah-1 iGyaMX ddsweb-link__icon ddsweb-icon__svg" height="10" preserveAspectRatio="xMinYMax meet" viewBox="-1 0 12 20" width="6" xmlns="http://www.w3.org/2000/svg" color="currentColor" data-di-res-id="91fa357d-5af63b6d" data-di-rand="1749971260959"><path d="M1.312 1.348L10.276 10l-8.964 8.644" fill="none" stroke="currentColor"></path></svg></span></a></div><div class="styled__StyledPromotionsContainer-sc-t48uy4-4 iFrZAf"></div><div class="styled__StyledBuyBoxContainer-sc-t48uy4-3 jYiGsR SYzVz" orientation="vertical"><div class="base-components__RootElement-sc-150pv2j-1 styled__Container-sc-159tobh-0 gUUOsR cyGXML gmbSL ddsweb-buybox__container"><div class="base-components__BaseElement-sc-150pv2j-0 styled__PriceAndActions-sc-159tobh-3 iwUsaJ hyWgI ddsweb-buybox__price-and-actions"><div class="styled__StyledPriceContainer-sc-159tobh-5 kpODmQ"><div class="base-components__RootElement-sc-150pv2j-1 styled__Container-sc-v0qv7n-0 gUUOsR dECJWY ddsweb-buybox__price ddsweb-price__container"><p class="text__StyledText-sc-1jpzi8m-0 gyHOWz ddsweb-text styled__PriceText-sc-v0qv7n-1 cXlRF">£10.00</p><p class="text__StyledText-sc-1jpzi8m-0 kiGrpI ddsweb-text styled__Subtext-sc-v0qv7n-2 kLkheV ddsweb-price__subtext">£41.67/kg</p></div></div><div class="base-components__RootElement-sc-150pv2j-1 styled__Container-sc-195yncy-0 gUUOsR fGLoHO ddsweb-buybox__actions ddsweb-quantity-controls__container"><div class="base-components__RootElement-sc-150pv2j-1 styled__Container-sc-1rbigln-0 gUUOsR jjKXIy styled__StyledFormGroup-sc-195yncy-1 ldxiiI ddsweb-quantity-controls__form-group ddsweb-form-group__container"><label class="styled__StyledLabel-sc-1bpek9-0 CsZQe styled__StyledLabel-sc-1rbigln-2 eaqwEU ddsweb-form-group__label ddsweb-label" for="quantity-controls-304399212">Quantity controls, undefined</label><div class="base-components__BaseElement-sc-150pv2j-0 styled__Children-sc-1rbigln-5 iwUsaJ csugvD ddsweb-form-group__children"><div class="styled__StyledQuantityControlWrapper-sc-195yncy-6 lbTVkV"><label id="quantity-controls-304399212-label" class="styled__VisuallyHiddenLabel-sc-195yncy-7 bflMtB">Quantity of Tesco Finest 2 Yellowfin Tuna Steaks 240g</label><div class="component__Wrapper-sc-19wd3h0-3 kiZcNf input-wrapper"><input class="base-components__RootElement-sc-150pv2j-1 styled__StyledInput-sc-7h0jvk-0 component__StyledAsInput-sc-19wd3h0-4 gUUOsR hlAFFt styled__StyledInput-sc-195yncy-3 jPiMHf ddsweb-quantity-controls__input ddsweb-input" data-auto="ddsweb-quantity-controls-input" autocomplete="off" id="quantity-controls-304399212" maxlength="2" type="number" aria-labelledby="quantity-controls-304399212-label" value="1" data-di-id="#quantity-controls-304399212"></div></div><button class="styled__StyledTextButton-sc-8hxn3m-0 bjIvKR styled__StyledButton-sc-195yncy-5 jUbPrY ddsweb-quantity-controls__add-button ddsweb-button ddsweb-button--text-button" type="submit" data-auto="ddsweb-quantity-controls-add-button" aria-label="add 1 Tesco Finest 2 Yellowfin Tuna Steaks 240g" data-di-id="di-id-21e0a446-5876a9b8"><span class="shared-containers__StyledInnerContainer-sc-93ev6e-2 gplLQL ddsweb-button__inner-container">Add</span></button></div></div></div></div></div></div><div class="styled__StyledMessagingContainer-sc-t48uy4-5 jHhxvV" orientation="vertical"></div></div></div></li><li data-testid="305519738" class="WL_DZ" data-auto-available="true"><div class="_ecrj"><div class="styled__StyledVerticalTile-sc-1r1v9f3-1 LihIl"><div class="styled__StyledOfferSashList-sc-1hqhl0m-0 cYkJYf"><span class="styled__StyledContainer-sc-u78h3f-0 ksPYjx styled__StyledMarketPlaceTag-sc-1hqhl0m-1 iOxbpf ddsweb-tag__container">Sponsored</span></div><div class="woiNV"></div><div class="styled__StyledImageContainer-sc-t48uy4-0 bixZuE KZ_O1"><a class="styled__ImageContainer-sc-1fweb41-0 irjUEM" href="/groceries/en-GB/products/305519738" aria-hidden="true" tabindex="-1" data-testid="imageContainer_305519738" data-di-id="di-id-745e762e-39af9cd8"><img alt="" aria-label="" orientation="vertical" src="https://digitalcontent.api.tesco.com/v2/media/ghs/901f2da2-58bf-4620-82a0-a300577ad189/15e30c08-c0b4-4926-9d39-189204969a02.jpeg?h=225&amp;w=225" loading="lazy" data-testid="imageElement_305519738" class="styled__StyledImage-sc-1fweb41-1 hCXoFX"></a></div><div class="styled__StyledTitleContainer-sc-t48uy4-1 hmpPZn"><h2 class="component__StyledHeading-sc-1t0ixqu-0 iDJPjF ddsweb-heading styled-sc-mz7xly-0 kXoSwE styled__StyledTitle-sc-1a6zg7t-0 etoGWB b_hC4 ddsweb-title-link__container"><a class="styled__Anchor-sc-1i711qa-0 gRXcDF ddsweb-title-link__link ddsweb-link__anchor" href="/groceries/en-GB/products/305519738" aria-label="Leap Free Not Farmed Albacore Tuna 220G" data-di-id="di-id-799bdb7e-4f79b665"><span class="styled__Text-sc-1i711qa-1 bsLJsh ddsweb-link__text">Leap Free Not Farmed Albacore Tuna 220G</span></a></h2></div><div class="zWmtM"><div class="styled__StyledNonInteractiveContainer-sc-1de15j6-7 klymXO ddsweb-rating__container" data-testid="star-rating" aria-label="Average customer rating 4.5 out of 5 stars"><svg class="ddsweb-rating__icon-active" aria-hidden="true" xmlns="http://www.w3.org/2000/svg" width="12" height="12" viewBox="0 0 12 12" fill="none" data-di-res-id="91fa357d-99037365" data-di-rand="1749971260959"><path fill="var(--ddsweb-theme-colors-tesco-blue, #00539f)" stroke="var(--ddsweb-theme-colors-grayscale, #666666)" d="M6.24228 9.51529L6 9.38108L5.75772 9.51529L2.9631 11.0633L3.50417 7.74036L3.54466 7.49166L3.36886 7.31115L1.03607 4.91585L4.23368 4.42624L4.49754 4.38584L4.61078 4.14411L6 1.17863L7.38922 4.14411L7.50246 4.38584L7.76632 4.42624L10.9639 4.91585L8.63114 7.31115L8.45534 7.49166L8.49583 7.74035L9.0369 11.0633L6.24228 9.51529Z"></path></svg><svg class="ddsweb-rating__icon-active" aria-hidden="true" xmlns="http://www.w3.org/2000/svg" width="12" height="12" viewBox="0 0 12 12" fill="none" data-di-res-id="91fa357d-9e171a95" data-di-rand="1749971260959"><path fill="var(--ddsweb-theme-colors-tesco-blue, #00539f)" stroke="var(--ddsweb-theme-colors-grayscale, #666666)" d="M6.24228 9.51529L6 9.38108L5.75772 9.51529L2.9631 11.0633L3.50417 7.74036L3.54466 7.49166L3.36886 7.31115L1.03607 4.91585L4.23368 4.42624L4.49754 4.38584L4.61078 4.14411L6 1.17863L7.38922 4.14411L7.50246 4.38584L7.76632 4.42624L10.9639 4.91585L8.63114 7.31115L8.45534 7.49166L8.49583 7.74035L9.0369 11.0633L6.24228 9.51529Z"></path></svg><svg class="ddsweb-rating__icon-active" aria-hidden="true" xmlns="http://www.w3.org/2000/svg" width="12" height="12" viewBox="0 0 12 12" fill="none" data-di-res-id="91fa357d-702692b3" data-di-rand="1749971260959"><path fill="var(--ddsweb-theme-colors-tesco-blue, #00539f)" stroke="var(--ddsweb-theme-colors-grayscale, #666666)" d="M6.24228 9.51529L6 9.38108L5.75772 9.51529L2.9631 11.0633L3.50417 7.74036L3.54466 7.49166L3.36886 7.31115L1.03607 4.91585L4.23368 4.42624L4.49754 4.38584L4.61078 4.14411L6 1.17863L7.38922 4.14411L7.50246 4.38584L7.76632 4.42624L10.9639 4.91585L8.63114 7.31115L8.45534 7.49166L8.49583 7.74035L9.0369 11.0633L6.24228 9.51529Z"></path></svg><svg class="ddsweb-rating__icon-active" aria-hidden="true" xmlns="http://www.w3.org/2000/svg" width="12" height="12" viewBox="0 0 12 12" fill="none" data-di-res-id="91fa357d-e8d72cd7" data-di-rand="1749971260959"><path fill="var(--ddsweb-theme-colors-tesco-blue, #00539f)" stroke="var(--ddsweb-theme-colors-grayscale, #666666)" d="M6.24228 9.51529L6 9.38108L5.75772 9.51529L2.9631 11.0633L3.50417 7.74036L3.54466 7.49166L3.36886 7.31115L1.03607 4.91585L4.23368 4.42624L4.49754 4.38584L4.61078 4.14411L6 1.17863L7.38922 4.14411L7.50246 4.38584L7.76632 4.42624L10.9639 4.91585L8.63114 7.31115L8.45534 7.49166L8.49583 7.74035L9.0369 11.0633L6.24228 9.51529Z"></path></svg><svg class="ddsweb-rating__icon-half-active" aria-hidden="true" xmlns="http://www.w3.org/2000/svg" width="12" height="12" viewBox="0 0 12 12" fill="none" data-di-res-id="91fa357d-84022f22" data-di-rand="1749971260959"><g clip-path="url(#clip0_1_2)"><path d="M6.24228 9.51529L6 9.38108L5.75772 9.51529L2.9631 11.0633L3.50417 7.74036L3.54466 7.49166L3.36886 7.31115L1.03607 4.91585L4.23368 4.42624L4.49754 4.38584L4.61078 4.14411L6 1.17863L7.38922 4.14411L7.50246 4.38584L7.76632 4.42624L10.9639 4.91585L8.63114 7.31115L8.45534 7.49166L8.49583 7.74036L9.0369 11.0633L6.24228 9.51529Z" fill="var(--ddsweb-theme-colors-tesco-blue, #00539f)"></path><path fill-rule="evenodd" clip-rule="evenodd" d="M6 9.95267V0L7.842 3.932L12 4.56867L8.98933 7.66L9.696 12L6 9.95267Z" fill="var(--ddsweb-theme-colors-white, #ffffff)"></path></g><path stroke="var(--ddsweb-theme-colors-grayscale, #666666)" d="M6.24228 9.51529L6 9.38108L5.75772 9.51529L2.9631 11.0633L3.50417 7.74036L3.54466 7.49166L3.36886 7.31115L1.03607 4.91585L4.23368 4.42624L4.49754 4.38584L4.61078 4.14411L6 1.17863L7.38922 4.14411L7.50246 4.38584L7.76632 4.42624L10.9639 4.91585L8.63114 7.31115L8.45534 7.49166L8.49583 7.74035L9.0369 11.0633L6.24228 9.51529Z"></path><defs><clipPath id="clip0_1_2"><rect width="12" height="12" fill="white"></rect></clipPath></defs></svg><p class="text__StyledText-sc-1jpzi8m-0 kiGrpI ddsweb-text styled__StyledHint-sc-1de15j6-8 MfAbW ddsweb-rating__hint">4.5 (4)</p></div></div><div class="styled__StyledVariationsContainer-sc-t48uy4-13 bDZUAH"></div><div class="styled__StyledDeliveryMessageContainer-sc-t48uy4-7 hhgAvL"></div><div class="styled__StyledDetailsContainer-sc-t48uy4-2 dMquZm" orientation="vertical"><a class="styled__Anchor-sc-1i711qa-0 lfiJmH styled__StyledLink-sc-k2gmo0-0 iktlRk ddsweb-link__anchor" href="/groceries/en-GB/reviews/submission/305519738" data-di-id="di-id-5538334c-6cb77ff"><span class="styled__Text-sc-1i711qa-1 RIkWH ddsweb-link__text">Write a review</span><span class="styled__IconContainer-sc-1i711qa-2 femlOX ddsweb-link__icon-container"><svg aria-hidden="true" class="styled__SVG-sc-1fqfvah-1 iGyaMX ddsweb-link__icon ddsweb-icon__svg" height="10" preserveAspectRatio="xMinYMax meet" viewBox="-1 0 12 20" width="6" xmlns="http://www.w3.org/2000/svg" color="currentColor" data-di-res-id="91fa357d-c0a5c6d5" data-di-rand="1749971260959"><path d="M1.312 1.348L10.276 10l-8.964 8.644" fill="none" stroke="currentColor"></path></svg></span></a><a class="styled__Anchor-sc-1i711qa-0 lfiJmH styled__StyledLink-sc-1ylrywh-0 joIFCQ ddsweb-link__anchor" href="/groceries/en-GB/shop/fresh-food/chilled-fish-and-seafood/tuna/fresh-tuna" aria-label="Rest of shelf Fresh Tuna" data-di-id="di-id-4273be40-dc9b1866"><span class="styled__Text-sc-1i711qa-1 RIkWH ddsweb-link__text">Rest of shelf</span><span class="styled__IconContainer-sc-1i711qa-2 femlOX ddsweb-link__icon-container"><svg aria-hidden="true" class="styled__SVG-sc-1fqfvah-1 iGyaMX ddsweb-link__icon ddsweb-icon__svg" height="10" preserveAspectRatio="xMinYMax meet" viewBox="-1 0 12 20" width="6" xmlns="http://www.w3.org/2000/svg" color="currentColor" data-di-res-id="91fa357d-9e1d6d92" data-di-rand="1749971260959"><path d="M1.312 1.348L10.276 10l-8.964 8.644" fill="none" stroke="currentColor"></path></svg></span></a></div><div class="styled__StyledPromotionsContainer-sc-t48uy4-4 iFrZAf"></div><div class="styled__StyledBuyBoxContainer-sc-t48uy4-3 jYiGsR SYzVz" orientation="vertical"><div class="base-components__RootElement-sc-150pv2j-1 styled__Container-sc-159tobh-0 gUUOsR cyGXML gmbSL ddsweb-buybox__container"><div class="base-components__BaseElement-sc-150pv2j-0 styled__PriceAndActions-sc-159tobh-3 iwUsaJ hyWgI ddsweb-buybox__price-and-actions"><div class="styled__StyledPriceContainer-sc-159tobh-5 kpODmQ"><div class="base-components__RootElement-sc-150pv2j-1 styled__Container-sc-v0qv7n-0 gUUOsR dECJWY ddsweb-buybox__price ddsweb-price__container"><p class="text__StyledText-sc-1jpzi8m-0 gyHOWz ddsweb-text styled__PriceText-sc-v0qv7n-1 cXlRF">£6.55</p><p class="text__StyledText-sc-1jpzi8m-0 kiGrpI ddsweb-text styled__Subtext-sc-v0qv7n-2 kLkheV ddsweb-price__subtext">£29.77/kg</p></div></div><div class="base-components__RootElement-sc-150pv2j-1 styled__Container-sc-195yncy-0 gUUOsR fGLoHO ddsweb-buybox__actions ddsweb-quantity-controls__container"><div class="base-components__RootElement-sc-150pv2j-1 styled__Container-sc-1rbigln-0 gUUOsR jjKXIy styled__StyledFormGroup-sc-195yncy-1 ldxiiI ddsweb-quantity-controls__form-group ddsweb-form-group__container"><label class="styled__StyledLabel-sc-1bpek9-0 CsZQe styled__StyledLabel-sc-1rbigln-2 eaqwEU ddsweb-form-group__label ddsweb-label" for="quantity-controls-305519738">Quantity controls, undefined</label><div class="base-components__BaseElement-sc-150pv2j-0 styled__Children-sc-1rbigln-5 iwUsaJ csugvD ddsweb-form-group__children"><div class="styled__StyledQuantityControlWrapper-sc-195yncy-6 lbTVkV"><label id="quantity-controls-305519738-label" class="styled__VisuallyHiddenLabel-sc-195yncy-7 bflMtB">Quantity of Leap Free Not Farmed Albacore Tuna 220G</label><div class="component__Wrapper-sc-19wd3h0-3 kiZcNf input-wrapper"><input class="base-components__RootElement-sc-150pv2j-1 styled__StyledInput-sc-7h0jvk-0 component__StyledAsInput-sc-19wd3h0-4 gUUOsR hlAFFt styled__StyledInput-sc-195yncy-3 jPiMHf ddsweb-quantity-controls__input ddsweb-input" data-auto="ddsweb-quantity-controls-input" autocomplete="off" id="quantity-controls-305519738" maxlength="2" type="number" aria-labelledby="quantity-controls-305519738-label" value="1" data-di-id="#quantity-controls-305519738"></div></div><button class="styled__StyledTextButton-sc-8hxn3m-0 bjIvKR styled__StyledButton-sc-195yncy-5 jUbPrY ddsweb-quantity-controls__add-button ddsweb-button ddsweb-button--text-button" type="submit" data-auto="ddsweb-quantity-controls-add-button" aria-label="add 1 Leap Free Not Farmed Albacore Tuna 220G" data-di-id="di-id-21e0a446-2f71992e"><span class="shared-containers__StyledInnerContainer-sc-93ev6e-2 gplLQL ddsweb-button__inner-container">Add</span></button></div></div></div></div></div></div><div class="styled__StyledMessagingContainer-sc-t48uy4-5 jHhxvV" orientation="vertical"></div></div></div></li><li data-testid="305728358" class="WL_DZ" data-auto-available="true"><div class="_ecrj"><div class="styled__StyledVerticalTile-sc-1r1v9f3-1 LihIl"><div class="woiNV"></div><div class="styled__StyledImageContainer-sc-t48uy4-0 bixZuE KZ_O1"><a class="styled__ImageContainer-sc-1fweb41-0 irjUEM" href="/groceries/en-GB/products/305728358" aria-hidden="true" tabindex="-1" data-testid="imageContainer_305728358" data-di-id="di-id-745e762e-51d5ab81"><img alt="" aria-label="" orientation="vertical" src="https://digitalcontent.api.tesco.com/v2/media/ghs/a78ab363-3d32-4bce-8ea6-7032f92d30cb/78697bcf-a4f8-4ea1-b36a-dea4fb1d1451.jpeg?h=225&amp;w=225" loading="lazy" data-testid="imageElement_305728358" class="styled__StyledImage-sc-1fweb41-1 hCXoFX"></a></div><div class="styled__StyledTitleContainer-sc-t48uy4-1 hmpPZn"><h2 class="component__StyledHeading-sc-1t0ixqu-0 iDJPjF ddsweb-heading styled-sc-mz7xly-0 kXoSwE styled__StyledTitle-sc-1a6zg7t-0 etoGWB b_hC4 ddsweb-title-link__container"><a class="styled__Anchor-sc-1i711qa-0 gRXcDF ddsweb-title-link__link ddsweb-link__anchor" href="/groceries/en-GB/products/305728358" aria-label="Youngs Gastro 2 Tempura Battered Fish Fillets 270G" data-di-id="di-id-799bdb7e-2703813c"><span class="styled__Text-sc-1i711qa-1 bsLJsh ddsweb-link__text">Youngs Gastro 2 Tempura Battered Fish Fillets 270G</span></a></h2></div><div class="zWmtM"><div class="styled__StyledNonInteractiveContainer-sc-1de15j6-7 klymXO ddsweb-rating__container" data-testid="star-rating" aria-label="Average customer rating 3 out of 5 stars"><svg class="ddsweb-rating__icon-active" aria-hidden="true" xmlns="http://www.w3.org/2000/svg" width="12" height="12" viewBox="0 0 12 12" fill="none" data-di-res-id="91fa357d-fa88849" data-di-rand="1749971260959"><path fill="var(--ddsweb-theme-colors-tesco-blue, #00539f)" stroke="var(--ddsweb-theme-colors-grayscale, #666666)" d="M6.24228 9.51529L6 9.38108L5.75772 9.51529L2.9631 11.0633L3.50417 7.74036L3.54466 7.49166L3.36886 7.31115L1.03607 4.91585L4.23368 4.42624L4.49754 4.38584L4.61078 4.14411L6 1.17863L7.38922 4.14411L7.50246 4.38584L7.76632 4.42624L10.9639 4.91585L8.63114 7.31115L8.45534 7.49166L8.49583 7.74035L9.0369 11.0633L6.24228 9.51529Z"></path></svg><svg class="ddsweb-rating__icon-active" aria-hidden="true" xmlns="http://www.w3.org/2000/svg" width="12" height="12" viewBox="0 0 12 12" fill="none" data-di-res-id="91fa357d-67c924d2" data-di-rand="1749971260959"><path fill="var(--ddsweb-theme-colors-tesco-blue, #00539f)" stroke="var(--ddsweb-theme-colors-grayscale, #666666)" d="M6.24228 9.51529L6 9.38108L5.75772 9.51529L2.9631 11.0633L3.50417 7.74036L3.54466 7.49166L3.36886 7.31115L1.03607 4.91585L4.23368 4.42624L4.49754 4.38584L4.61078 4.14411L6 1.17863L7.38922 4.14411L7.50246 4.38584L7.76632 4.42624L10.9639 4.91585L8.63114 7.31115L8.45534 7.49166L8.49583 7.74035L9.0369 11.0633L6.24228 9.51529Z"></path></svg><svg class="ddsweb-rating__icon-active" aria-hidden="true" xmlns="http://www.w3.org/2000/svg" width="12" height="12" viewBox="0 0 12 12" fill="none" data-di-res-id="91339a46-8f318dea" data-di-rand="1749971260959"><path fill="var(--ddsweb-theme-colors-tesco-blue, #00539f)" stroke="var(--ddsweb-theme-colors-grayscale, #666666)" d="M6.24228 9.51529L6 9.38108L5.75772 9.51529L2.9631 11.0633L3.50417 7.74036L3.54466 7.49166L3.36886 7.31115L1.03607 4.91585L4.23368 4.42624L4.49754 4.38584L4.61078 4.14411L6 1.17863L7.38922 4.14411L7.50246 4.38584L7.76632 4.42624L10.9639 4.91585L8.63114 7.31115L8.45534 7.49166L8.49583 7.74035L9.0369 11.0633L6.24228 9.51529Z"></path></svg><svg class="ddsweb-rating__icon-inactive" aria-hidden="true" xmlns="http://www.w3.org/2000/svg" width="12" height="12" viewBox="0 0 12 12" fill="none" data-di-res-id="91fa357d-c3a47ac8" data-di-rand="1749971260959"><path fill="var(--ddsweb-theme-colors-white, #ffffff)" stroke="var(--ddsweb-theme-colors-grayscale, #666666)" d="M6.24228 9.51529L6 9.38108L5.75772 9.51529L2.9631 11.0633L3.50417 7.74036L3.54466 7.49166L3.36886 7.31115L1.03607 4.91585L4.23368 4.42624L4.49754 4.38584L4.61078 4.14411L6 1.17863L7.38922 4.14411L7.50246 4.38584L7.76632 4.42624L10.9639 4.91585L8.63114 7.31115L8.45534 7.49166L8.49583 7.74035L9.0369 11.0633L6.24228 9.51529Z"></path></svg><svg class="ddsweb-rating__icon-inactive" aria-hidden="true" xmlns="http://www.w3.org/2000/svg" width="12" height="12" viewBox="0 0 12 12" fill="none" data-di-res-id="91fa357d-2b630976" data-di-rand="1749971260959"><path fill="var(--ddsweb-theme-colors-white, #ffffff)" stroke="var(--ddsweb-theme-colors-grayscale, #666666)" d="M6.24228 9.51529L6 9.38108L5.75772 9.51529L2.9631 11.0633L3.50417 7.74036L3.54466 7.49166L3.36886 7.31115L1.03607 4.91585L4.23368 4.42624L4.49754 4.38584L4.61078 4.14411L6 1.17863L7.38922 4.14411L7.50246 4.38584L7.76632 4.42624L10.9639 4.91585L8.63114 7.31115L8.45534 7.49166L8.49583 7.74035L9.0369 11.0633L6.24228 9.51529Z"></path></svg><p class="text__StyledText-sc-1jpzi8m-0 kiGrpI ddsweb-text styled__StyledHint-sc-1de15j6-8 MfAbW ddsweb-rating__hint">3 (64)</p></div></div><div class="styled__StyledVariationsContainer-sc-t48uy4-13 bDZUAH"></div><div class="styled__StyledDeliveryMessageContainer-sc-t48uy4-7 hhgAvL"></div><div class="styled__StyledDetailsContainer-sc-t48uy4-2 dMquZm" orientation="vertical"><a class="styled__Anchor-sc-1i711qa-0 lfiJmH styled__StyledLink-sc-k2gmo0-0 iktlRk ddsweb-link__anchor" href="/groceries/en-GB/reviews/submission/305728358" data-di-id="di-id-5538334c-6eb140a6"><span class="styled__Text-sc-1i711qa-1 RIkWH ddsweb-link__text">Write a review</span><span class="styled__IconContainer-sc-1i711qa-2 femlOX ddsweb-link__icon-container"><svg aria-hidden="true" class="styled__SVG-sc-1fqfvah-1 iGyaMX ddsweb-link__icon ddsweb-icon__svg" height="10" preserveAspectRatio="xMinYMax meet" viewBox="-1 0 12 20" width="6" xmlns="http://www.w3.org/2000/svg" color="currentColor" data-di-res-id="ab520027-5043296c" data-di-rand="1749971260960"><path d="M1.312 1.348L10.276 10l-8.964 8.644" fill="none" stroke="currentColor"></path></svg></span></a><a class="styled__Anchor-sc-1i711qa-0 lfiJmH styled__StyledLink-sc-1ylrywh-0 joIFCQ ddsweb-link__anchor" href="/groceries/en-GB/shop/frozen-food/fish-and-seafood/coated-fish/frozen-battered-fish" aria-label="Rest of shelf Frozen Battered Fish" data-di-id="di-id-a7b8cd1c-b31d9fd0"><span class="styled__Text-sc-1i711qa-1 RIkWH ddsweb-link__text">Rest of shelf</span><span class="styled__IconContainer-sc-1i711qa-2 femlOX ddsweb-link__icon-container"><svg aria-hidden="true" class="styled__SVG-sc-1fqfvah-1 iGyaMX ddsweb-link__icon ddsweb-icon__svg" height="10" preserveAspectRatio="xMinYMax meet" viewBox="-1 0 12 20" width="6" xmlns="http://www.w3.org/2000/svg" color="currentColor" data-di-res-id="ab520027-146fb411" data-di-rand="1749971260960"><path d="M1.312 1.348L10.276 10l-8.964 8.644" fill="none" stroke="currentColor"></path></svg></span></a></div><div class="styled__StyledPromotionsContainer-sc-t48uy4-4 iFrZAf"><div class="styled__PromotionsContainer-sc-nc07d4-3 hyzOdv"><div><div class="styled__StyledPromotionsWithClubcardPriceContainer-sc-dfqdes-0 cJAeJR"><a href="/groceries/en-GB/promotions/92785784" class="styled__Container-sc-1d7lp92-4 fgHTfg ddsweb-value-bar__container" data-di-id="di-id-b8fcb942-7f1ed258"><div class="styled__InnerContainer-sc-1d7lp92-5 fDFyTn ddsweb-value-bar__inner-container"><div class="styled__ClubcardPriceLogo-sc-1d7lp92-7 dCdODK ddsweb-value-bar__clubcard-logo"><svg role="img" width="56" height="56" fill="none" xmlns="http://www.w3.org/2000/svg" data-di-res-id="ab520027-c40185d5" data-di-rand="1749971260960"><title>Clubcard Price</title><path d="M0 12C0 5.373 5.373 0 12 0h44v56H12C5.373 56 0 50.627 0 44V12Z" fill="#00539F"></path><path d="M10.315 27.08c-.6 0-1.157-.137-1.67-.41a3.185 3.185 0 0 1-1.24-1.23c-.313-.547-.47-1.193-.47-1.94 0-.747.157-1.39.47-1.93a3.097 3.097 0 0 1 1.24-1.23c.513-.28 1.07-.42 1.67-.42.727 0 1.344.17 1.85.51.514.34.874.827 1.08 1.46l-1.13.45a1.638 1.638 0 0 0-.64-.88c-.306-.227-.693-.34-1.16-.34-.373 0-.717.09-1.03.27a1.86 1.86 0 0 0-.75.8c-.187.353-.28.79-.28 1.31s.093.96.28 1.32c.187.353.437.62.75.8.313.173.657.26 1.03.26.467 0 .854-.11 1.16-.33.314-.22.527-.517.64-.89l1.13.45c-.206.633-.566 1.12-1.08 1.46-.506.34-1.123.51-1.85.51Zm5.153-.08h-1.24v-7.08h1.24V27Zm5.927 0h-1.24v-.81c-.174.28-.397.5-.67.66-.274.153-.577.23-.91.23-.547 0-.974-.163-1.28-.49-.3-.327-.45-.777-.45-1.35v-3.4h1.24v3.1c0 .667.29 1 .87 1 .38 0 .673-.163.88-.49.213-.333.32-.787.32-1.36v-2.25h1.24V27Zm4.156.08a1.99 1.99 0 0 1-.9-.19 1.503 1.503 0 0 1-.58-.51V27h-1.24v-7.08h1.24v2.55c.167-.22.38-.393.64-.52s.55-.19.87-.19c.44 0 .83.113 1.17.34.34.227.604.543.79.95.194.4.29.857.29 1.37 0 .507-.103.963-.31 1.37-.2.4-.473.717-.82.95-.346.227-.73.34-1.15.34Zm-.28-1.14c.367 0 .67-.137.91-.41.247-.273.37-.643.37-1.11 0-.467-.123-.837-.37-1.11a1.159 1.159 0 0 0-.91-.41 1.19 1.19 0 0 0-.92.41c-.24.273-.36.643-.36 1.11 0 .467.12.837.36 1.11.247.273.554.41.92.41Zm6.08 1.14c-.507 0-.957-.113-1.35-.34-.394-.227-.7-.54-.92-.94a2.853 2.853 0 0 1-.33-1.38c0-.513.11-.97.33-1.37.22-.407.526-.723.92-.95.393-.227.843-.34 1.35-.34 1.146 0 1.923.47 2.33 1.41l-1.13.51c-.26-.52-.66-.78-1.2-.78-.387 0-.707.14-.96.42-.254.28-.38.647-.38 1.1 0 .453.126.82.38 1.1.253.28.573.42.96.42.54 0 .94-.26 1.2-.78l1.13.51c-.407.94-1.184 1.41-2.33 1.41Zm4.666 0c-.3 0-.583-.06-.85-.18a1.538 1.538 0 0 1-.64-.52c-.16-.233-.24-.51-.24-.83 0-.507.19-.913.57-1.22.38-.313.894-.47 1.54-.47h1.11v-.18c0-.26-.09-.467-.27-.62-.18-.16-.423-.24-.73-.24-.246 0-.47.067-.67.2-.2.127-.35.277-.45.45l-.95-.57c.18-.327.447-.597.8-.81.354-.22.777-.33 1.27-.33.707 0 1.257.17 1.65.51.394.34.59.83.59 1.47V27h-1.02l-.17-.66c-.166.227-.38.407-.64.54-.253.133-.553.2-.9.2Zm.3-1.06c.334 0 .614-.1.84-.3.234-.2.35-.447.35-.74v-.14h-.98c-.286 0-.516.057-.69.17a.506.506 0 0 0-.25.45c0 .18.06.32.18.42.127.093.31.14.55.14Zm3.653-4.18h1.24v.78c.147-.28.353-.493.62-.64.267-.147.563-.22.89-.22.34 0 .607.077.8.23l-.42 1.05a1.144 1.144 0 0 0-.55-.14c-.387 0-.707.167-.96.5-.253.333-.38.847-.38 1.54V27h-1.24v-5.16ZM46 27.08c-.42 0-.803-.113-1.15-.34a2.337 2.337 0 0 1-.82-.95 3.15 3.15 0 0 1-.29-1.37c0-.513.094-.97.28-1.37.194-.407.46-.723.8-.95.34-.227.73-.34 1.17-.34.347 0 .65.063.91.19.26.12.46.293.6.52v-2.55h1.24V27H47.5v-.62a1.676 1.676 0 0 1-.6.51 1.99 1.99 0 0 1-.9.19Zm.3-1.14c.367 0 .67-.137.91-.41.248-.273.37-.643.37-1.11 0-.467-.122-.837-.37-1.11a1.159 1.159 0 0 0-.91-.41c-.366 0-.672.137-.92.41-.24.273-.36.643-.36 1.11 0 .467.12.837.36 1.11.247.273.554.41.92.41ZM17.957 37h-1.3v-7h2.57c.467 0 .87.097 1.21.29.34.187.6.447.78.78.18.327.27.693.27 1.1 0 .407-.09.777-.27 1.11-.18.327-.44.587-.78.78-.34.187-.743.28-1.21.28h-1.27V37Zm1.17-3.86c.32 0 .574-.08.76-.24.187-.167.28-.41.28-.73s-.093-.56-.28-.72c-.186-.167-.44-.25-.76-.25h-1.17v1.94h1.17Zm3.359-1.3h1.24v.78c.146-.28.353-.493.62-.64.266-.147.563-.22.89-.22.34 0 .606.077.8.23l-.42 1.05a1.144 1.144 0 0 0-.55-.14c-.387 0-.707.167-.96.5-.254.333-.38.847-.38 1.54V37h-1.24v-5.16Zm4.187-1.34c0-.227.076-.417.23-.57a.774.774 0 0 1 .57-.23c.226 0 .416.077.57.23.153.153.23.343.23.57a.774.774 0 0 1-.23.57.774.774 0 0 1-.57.23.774.774 0 0 1-.57-.23.774.774 0 0 1-.23-.57Zm1.42 6.5h-1.24v-5.16h1.24V37Zm3.723.08c-.507 0-.957-.113-1.35-.34-.394-.227-.7-.54-.92-.94a2.853 2.853 0 0 1-.33-1.38c0-.513.11-.97.33-1.37.22-.407.526-.723.92-.95.393-.227.843-.34 1.35-.34 1.146 0 1.923.47 2.33 1.41l-1.13.51c-.26-.52-.66-.78-1.2-.78-.387 0-.707.14-.96.42-.254.28-.38.647-.38 1.1 0 .453.126.82.38 1.1.253.28.573.42.96.42.54 0 .94-.26 1.2-.78l1.13.51c-.407.94-1.184 1.41-2.33 1.41Zm8.026-2.26h-3.81c.067.38.224.67.47.87.247.193.547.29.9.29.294 0 .537-.06.73-.18.2-.127.39-.317.57-.57l1.05.57c-.253.413-.576.73-.97.95-.386.22-.87.33-1.45.33-.546 0-1.016-.127-1.41-.38a2.463 2.463 0 0 1-.87-1 2.945 2.945 0 0 1-.29-1.28c0-.447.1-.873.3-1.28.207-.407.504-.737.89-.99.387-.26.844-.39 1.37-.39.534 0 .99.12 1.37.36.38.24.667.557.86.95.194.387.29.8.29 1.24v.51Zm-1.27-.98a1.134 1.134 0 0 0-.41-.72c-.22-.187-.5-.28-.84-.28-.286 0-.543.09-.77.27a1.333 1.333 0 0 0-.47.73h2.49Z" fill="#fff"></path></svg></div><div class="styled__ContentContainer-sc-1d7lp92-8 dVbxyj ddsweb-value-bar__content-container"><p title="£2.50 Better than Half Price Clubcard Price" class="text__StyledText-sc-1jpzi8m-0 gljcji ddsweb-text styled__ContentText-sc-1d7lp92-9 ijspZf ddsweb-value-bar__content-text">£2.50 Better than Half Price Clubcard Price</p><p class="text__StyledText-sc-1jpzi8m-0 ggFawa ddsweb-text styled__SubText-sc-1d7lp92-11 jGBCCZ ddsweb-value-bar__content-subtext">(£9.26/kg)</p></div><div class="styled__IconContainer-sc-1d7lp92-12 gA-DXsl ddsweb-value-bar__icon-container"><svg xmlns="http://www.w3.org/2000/svg" width="16" height="16" fill="none" aria-hidden="true" data-di-res-id="ab520027-b34c814c" data-di-rand="1749971260960"><path d="M4.354 2.771 9.77 8l-5.417 5.223 1.04 1.08L11.932 8 5.395 1.692l-1.041 1.08Z" fill="#00539F"></path></svg></div></div><p class="text__StyledText-sc-1jpzi8m-0 ggFawa ddsweb-text styled__TermsText-sc-1d7lp92-10 dCWOwo ddsweb-value-bar__terms">Offer valid for delivery from 03/06/2025 until 14/07/2025</p></a></div></div></div></div><div class="styled__StyledBuyBoxContainer-sc-t48uy4-3 jYiGsR SYzVz" orientation="vertical"><div class="base-components__RootElement-sc-150pv2j-1 styled__Container-sc-159tobh-0 gUUOsR cyGXML gmbSL ddsweb-buybox__container"><div class="base-components__BaseElement-sc-150pv2j-0 styled__PriceAndActions-sc-159tobh-3 iwUsaJ hyWgI ddsweb-buybox__price-and-actions"><div class="styled__StyledPriceContainer-sc-159tobh-5 kpODmQ"><div class="base-components__RootElement-sc-150pv2j-1 styled__Container-sc-v0qv7n-0 gUUOsR dECJWY ddsweb-buybox__price ddsweb-price__container"><p class="text__StyledText-sc-1jpzi8m-0 gyHOWz ddsweb-text styled__PriceText-sc-v0qv7n-1 cXlRF">£5.25</p><p class="text__StyledText-sc-1jpzi8m-0 kiGrpI ddsweb-text styled__Subtext-sc-v0qv7n-2 kLkheV ddsweb-price__subtext">£19.44/kg</p></div></div><div class="base-components__RootElement-sc-150pv2j-1 styled__Container-sc-195yncy-0 gUUOsR fGLoHO ddsweb-buybox__actions ddsweb-quantity-controls__container"><div class="base-components__RootElement-sc-150pv2j-1 styled__Container-sc-1rbigln-0 gUUOsR jjKXIy styled__StyledFormGroup-sc-195yncy-1 ldxiiI ddsweb-quantity-controls__form-group ddsweb-form-group__container"><label class="styled__StyledLabel-sc-1bpek9-0 CsZQe styled__StyledLabel-sc-1rbigln-2 eaqwEU ddsweb-form-group__label ddsweb-label" for="quantity-controls-305728358">Quantity controls, undefined</label><div class="base-components__BaseElement-sc-150pv2j-0 styled__Children-sc-1rbigln-5 iwUsaJ csugvD ddsweb-form-group__children"><div class="styled__StyledQuantityControlWrapper-sc-195yncy-6 lbTVkV"><label id="quantity-controls-305728358-label" class="styled__VisuallyHiddenLabel-sc-195yncy-7 bflMtB">Quantity of Youngs Gastro 2 Tempura Battered Fish Fillets 270G</label><div class="component__Wrapper-sc-19wd3h0-3 kiZcNf input-wrapper"><input class="base-components__RootElement-sc-150pv2j-1 styled__StyledInput-sc-7h0jvk-0 component__StyledAsInput-sc-19wd3h0-4 gUUOsR hlAFFt styled__StyledInput-sc-195yncy-3 jPiMHf ddsweb-quantity-controls__input ddsweb-input" data-auto="ddsweb-quantity-controls-input" autocomplete="off" id="quantity-controls-305728358" maxlength="2" type="number" aria-labelledby="quantity-controls-305728358-label" value="1" data-di-id="#quantity-controls-305728358"></div></div><button class="styled__StyledTextButton-sc-8hxn3m-0 bjIvKR styled__StyledButton-sc-195yncy-5 jUbPrY ddsweb-quantity-controls__add-button ddsweb-button ddsweb-button--text-button" type="submit" data-auto="ddsweb-quantity-controls-add-button" aria-label="add 1 Youngs Gastro 2 Tempura Battered Fish Fillets 270G" data-di-id="di-id-21e0a446-b1150c8d"><span class="shared-containers__StyledInnerContainer-sc-93ev6e-2 gplLQL ddsweb-button__inner-container">Add</span></button></div></div></div></div></div></div><div class="styled__StyledMessagingContainer-sc-t48uy4-5 jHhxvV" orientation="vertical"></div></div></div></li><li data-testid="267045457" class="WL_DZ" data-auto-available="true"><div class="_ecrj"><div class="styled__StyledVerticalTile-sc-1r1v9f3-1 LihIl"><div class="woiNV"></div><div class="styled__StyledImageContainer-sc-t48uy4-0 bixZuE KZ_O1"><a class="styled__ImageContainer-sc-1fweb41-0 irjUEM" href="/groceries/en-GB/products/267045457" aria-hidden="true" tabindex="-1" data-testid="imageContainer_267045457" data-di-id="di-id-745e762e-df449850"><img alt="" aria-label="" orientation="vertical" src="https://digitalcontent.api.tesco.com/v2/media/ghs/fc4b1b15-f509-47fa-a55c-f025c8005e02/dc18faa3-1bb9-4f7e-a5eb-09467e2d0b10.jpeg?h=225&amp;w=225" loading="lazy" data-testid="imageElement_267045457" class="styled__StyledImage-sc-1fweb41-1 hCXoFX"></a></div><div class="styled__StyledTitleContainer-sc-t48uy4-1 hmpPZn"><h2 class="component__StyledHeading-sc-1t0ixqu-0 iDJPjF ddsweb-heading styled-sc-mz7xly-0 kXoSwE styled__StyledTitle-sc-1a6zg7t-0 etoGWB b_hC4 ddsweb-title-link__container"><a class="styled__Anchor-sc-1i711qa-0 gRXcDF ddsweb-title-link__link ddsweb-link__anchor" href="/groceries/en-GB/products/267045457" aria-label="Birds Eye 4 Battered Fish Fillets 400G" data-di-id="di-id-799bdb7e-a992b2ed"><span class="styled__Text-sc-1i711qa-1 bsLJsh ddsweb-link__text">Birds Eye 4 Battered Fish Fillets 400G</span></a></h2></div><div class="zWmtM"><div class="styled__StyledNonInteractiveContainer-sc-1de15j6-7 klymXO ddsweb-rating__container" data-testid="star-rating" aria-label="Average customer rating 3.6 out of 5 stars"><svg class="ddsweb-rating__icon-active" aria-hidden="true" xmlns="http://www.w3.org/2000/svg" width="12" height="12" viewBox="0 0 12 12" fill="none" data-di-res-id="ab520027-b0e9c159" data-di-rand="1749971260960"><path fill="var(--ddsweb-theme-colors-tesco-blue, #00539f)" stroke="var(--ddsweb-theme-colors-grayscale, #666666)" d="M6.24228 9.51529L6 9.38108L5.75772 9.51529L2.9631 11.0633L3.50417 7.74036L3.54466 7.49166L3.36886 7.31115L1.03607 4.91585L4.23368 4.42624L4.49754 4.38584L4.61078 4.14411L6 1.17863L7.38922 4.14411L7.50246 4.38584L7.76632 4.42624L10.9639 4.91585L8.63114 7.31115L8.45534 7.49166L8.49583 7.74035L9.0369 11.0633L6.24228 9.51529Z"></path></svg><svg class="ddsweb-rating__icon-active" aria-hidden="true" xmlns="http://www.w3.org/2000/svg" width="12" height="12" viewBox="0 0 12 12" fill="none" data-di-res-id="ab520027-d12367f0" data-di-rand="1749971260960"><path fill="var(--ddsweb-theme-colors-tesco-blue, #00539f)" stroke="var(--ddsweb-theme-colors-grayscale, #666666)" d="M6.24228 9.51529L6 9.38108L5.75772 9.51529L2.9631 11.0633L3.50417 7.74036L3.54466 7.49166L3.36886 7.31115L1.03607 4.91585L4.23368 4.42624L4.49754 4.38584L4.61078 4.14411L6 1.17863L7.38922 4.14411L7.50246 4.38584L7.76632 4.42624L10.9639 4.91585L8.63114 7.31115L8.45534 7.49166L8.49583 7.74035L9.0369 11.0633L6.24228 9.51529Z"></path></svg><svg class="ddsweb-rating__icon-active" aria-hidden="true" xmlns="http://www.w3.org/2000/svg" width="12" height="12" viewBox="0 0 12 12" fill="none" data-di-res-id="ab520027-bafb6b89" data-di-rand="1749971260960"><path fill="var(--ddsweb-theme-colors-tesco-blue, #00539f)" stroke="var(--ddsweb-theme-colors-grayscale, #666666)" d="M6.24228 9.51529L6 9.38108L5.75772 9.51529L2.9631 11.0633L3.50417 7.74036L3.54466 7.49166L3.36886 7.31115L1.03607 4.91585L4.23368 4.42624L4.49754 4.38584L4.61078 4.14411L6 1.17863L7.38922 4.14411L7.50246 4.38584L7.76632 4.42624L10.9639 4.91585L8.63114 7.31115L8.45534 7.49166L8.49583 7.74035L9.0369 11.0633L6.24228 9.51529Z"></path></svg><svg class="ddsweb-rating__icon-half-active" aria-hidden="true" xmlns="http://www.w3.org/2000/svg" width="12" height="12" viewBox="0 0 12 12" fill="none" data-di-res-id="ab520027-d96580ae" data-di-rand="1749971260960"><g clip-path="url(#clip0_1_2)"><path d="M6.24228 9.51529L6 9.38108L5.75772 9.51529L2.9631 11.0633L3.50417 7.74036L3.54466 7.49166L3.36886 7.31115L1.03607 4.91585L4.23368 4.42624L4.49754 4.38584L4.61078 4.14411L6 1.17863L7.38922 4.14411L7.50246 4.38584L7.76632 4.42624L10.9639 4.91585L8.63114 7.31115L8.45534 7.49166L8.49583 7.74036L9.0369 11.0633L6.24228 9.51529Z" fill="var(--ddsweb-theme-colors-tesco-blue, #00539f)"></path><path fill-rule="evenodd" clip-rule="evenodd" d="M6 9.95267V0L7.842 3.932L12 4.56867L8.98933 7.66L9.696 12L6 9.95267Z" fill="var(--ddsweb-theme-colors-white, #ffffff)"></path></g><path stroke="var(--ddsweb-theme-colors-grayscale, #666666)" d="M6.24228 9.51529L6 9.38108L5.75772 9.51529L2.9631 11.0633L3.50417 7.74036L3.54466 7.49166L3.36886 7.31115L1.03607 4.91585L4.23368 4.42624L4.49754 4.38584L4.61078 4.14411L6 1.17863L7.38922 4.14411L7.50246 4.38584L7.76632 4.42624L10.9639 4.91585L8.63114 7.31115L8.45534 7.49166L8.49583 7.74035L9.0369 11.0633L6.24228 9.51529Z"></path><defs><clipPath id="clip0_1_2"><rect width="12" height="12" fill="white"></rect></clipPath></defs></svg><svg class="ddsweb-rating__icon-inactive" aria-hidden="true" xmlns="http://www.w3.org/2000/svg" width="12" height="12" viewBox="0 0 12 12" fill="none" data-di-res-id="ab520027-a73072d6" data-di-rand="1749971260960"><path fill="var(--ddsweb-theme-colors-white, #ffffff)" stroke="var(--ddsweb-theme-colors-grayscale, #666666)" d="M6.24228 9.51529L6 9.38108L5.75772 9.51529L2.9631 11.0633L3.50417 7.74036L3.54466 7.49166L3.36886 7.31115L1.03607 4.91585L4.23368 4.42624L4.49754 4.38584L4.61078 4.14411L6 1.17863L7.38922 4.14411L7.50246 4.38584L7.76632 4.42624L10.9639 4.91585L8.63114 7.31115L8.45534 7.49166L8.49583 7.74035L9.0369 11.0633L6.24228 9.51529Z"></path></svg><p class="text__StyledText-sc-1jpzi8m-0 kiGrpI ddsweb-text styled__StyledHint-sc-1de15j6-8 MfAbW ddsweb-rating__hint">3.6 (62)</p></div></div><div class="styled__StyledVariationsContainer-sc-t48uy4-13 bDZUAH"></div><div class="styled__StyledDeliveryMessageContainer-sc-t48uy4-7 hhgAvL"></div><div class="styled__StyledDetailsContainer-sc-t48uy4-2 dMquZm" orientation="vertical"><a class="styled__Anchor-sc-1i711qa-0 lfiJmH styled__StyledLink-sc-k2gmo0-0 iktlRk ddsweb-link__anchor" href="/groceries/en-GB/reviews/submission/267045457" data-di-id="di-id-5538334c-e0207377"><span class="styled__Text-sc-1i711qa-1 RIkWH ddsweb-link__text">Write a review</span><span class="styled__IconContainer-sc-1i711qa-2 femlOX ddsweb-link__icon-container"><svg aria-hidden="true" class="styled__SVG-sc-1fqfvah-1 iGyaMX ddsweb-link__icon ddsweb-icon__svg" height="10" preserveAspectRatio="xMinYMax meet" viewBox="-1 0 12 20" width="6" xmlns="http://www.w3.org/2000/svg" color="currentColor" data-di-res-id="ab520027-88ecddab" data-di-rand="1749971260960"><path d="M1.312 1.348L10.276 10l-8.964 8.644" fill="none" stroke="currentColor"></path></svg></span></a><a class="styled__Anchor-sc-1i711qa-0 lfiJmH styled__StyledLink-sc-1ylrywh-0 joIFCQ ddsweb-link__anchor" href="/groceries/en-GB/shop/frozen-food/fish-and-seafood/coated-fish/frozen-battered-fish" aria-label="Rest of shelf Frozen Battered Fish" data-di-id="di-id-fb7c9ed8-89e061c6"><span class="styled__Text-sc-1i711qa-1 RIkWH ddsweb-link__text">Rest of shelf</span><span class="styled__IconContainer-sc-1i711qa-2 femlOX ddsweb-link__icon-container"><svg aria-hidden="true" class="styled__SVG-sc-1fqfvah-1 iGyaMX ddsweb-link__icon ddsweb-icon__svg" height="10" preserveAspectRatio="xMinYMax meet" viewBox="-1 0 12 20" width="6" xmlns="http://www.w3.org/2000/svg" color="currentColor" data-di-res-id="8c570e27-157d59e" data-di-rand="1749971260960"><path d="M1.312 1.348L10.276 10l-8.964 8.644" fill="none" stroke="currentColor"></path></svg></span></a></div><div class="styled__StyledPromotionsContainer-sc-t48uy4-4 iFrZAf"><div class="styled__PromotionsContainer-sc-nc07d4-3 hyzOdv"><div><div class="styled__StyledPromotionsWithClubcardPriceContainer-sc-dfqdes-0 cJAeJR"><a href="/groceries/en-GB/promotions/92848628" class="styled__Container-sc-1d7lp92-4 fgHTfg ddsweb-value-bar__container" data-di-id="di-id-b8fcb942-86c789ee"><div class="styled__InnerContainer-sc-1d7lp92-5 fDFyTn ddsweb-value-bar__inner-container"><div class="styled__ClubcardPriceLogo-sc-1d7lp92-7 dCdODK ddsweb-value-bar__clubcard-logo"><svg role="img" width="56" height="56" fill="none" xmlns="http://www.w3.org/2000/svg" data-di-res-id="ab520027-7b308f3d" data-di-rand="1749971260960"><title>Clubcard Price</title><path d="M0 12C0 5.373 5.373 0 12 0h44v56H12C5.373 56 0 50.627 0 44V12Z" fill="#00539F"></path><path d="M10.315 27.08c-.6 0-1.157-.137-1.67-.41a3.185 3.185 0 0 1-1.24-1.23c-.313-.547-.47-1.193-.47-1.94 0-.747.157-1.39.47-1.93a3.097 3.097 0 0 1 1.24-1.23c.513-.28 1.07-.42 1.67-.42.727 0 1.344.17 1.85.51.514.34.874.827 1.08 1.46l-1.13.45a1.638 1.638 0 0 0-.64-.88c-.306-.227-.693-.34-1.16-.34-.373 0-.717.09-1.03.27a1.86 1.86 0 0 0-.75.8c-.187.353-.28.79-.28 1.31s.093.96.28 1.32c.187.353.437.62.75.8.313.173.657.26 1.03.26.467 0 .854-.11 1.16-.33.314-.22.527-.517.64-.89l1.13.45c-.206.633-.566 1.12-1.08 1.46-.506.34-1.123.51-1.85.51Zm5.153-.08h-1.24v-7.08h1.24V27Zm5.927 0h-1.24v-.81c-.174.28-.397.5-.67.66-.274.153-.577.23-.91.23-.547 0-.974-.163-1.28-.49-.3-.327-.45-.777-.45-1.35v-3.4h1.24v3.1c0 .667.29 1 .87 1 .38 0 .673-.163.88-.49.213-.333.32-.787.32-1.36v-2.25h1.24V27Zm4.156.08a1.99 1.99 0 0 1-.9-.19 1.503 1.503 0 0 1-.58-.51V27h-1.24v-7.08h1.24v2.55c.167-.22.38-.393.64-.52s.55-.19.87-.19c.44 0 .83.113 1.17.34.34.227.604.543.79.95.194.4.29.857.29 1.37 0 .507-.103.963-.31 1.37-.2.4-.473.717-.82.95-.346.227-.73.34-1.15.34Zm-.28-1.14c.367 0 .67-.137.91-.41.247-.273.37-.643.37-1.11 0-.467-.123-.837-.37-1.11a1.159 1.159 0 0 0-.91-.41 1.19 1.19 0 0 0-.92.41c-.24.273-.36.643-.36 1.11 0 .467.12.837.36 1.11.247.273.554.41.92.41Zm6.08 1.14c-.507 0-.957-.113-1.35-.34-.394-.227-.7-.54-.92-.94a2.853 2.853 0 0 1-.33-1.38c0-.513.11-.97.33-1.37.22-.407.526-.723.92-.95.393-.227.843-.34 1.35-.34 1.146 0 1.923.47 2.33 1.41l-1.13.51c-.26-.52-.66-.78-1.2-.78-.387 0-.707.14-.96.42-.254.28-.38.647-.38 1.1 0 .453.126.82.38 1.1.253.28.573.42.96.42.54 0 .94-.26 1.2-.78l1.13.51c-.407.94-1.184 1.41-2.33 1.41Zm4.666 0c-.3 0-.583-.06-.85-.18a1.538 1.538 0 0 1-.64-.52c-.16-.233-.24-.51-.24-.83 0-.507.19-.913.57-1.22.38-.313.894-.47 1.54-.47h1.11v-.18c0-.26-.09-.467-.27-.62-.18-.16-.423-.24-.73-.24-.246 0-.47.067-.67.2-.2.127-.35.277-.45.45l-.95-.57c.18-.327.447-.597.8-.81.354-.22.777-.33 1.27-.33.707 0 1.257.17 1.65.51.394.34.59.83.59 1.47V27h-1.02l-.17-.66c-.166.227-.38.407-.64.54-.253.133-.553.2-.9.2Zm.3-1.06c.334 0 .614-.1.84-.3.234-.2.35-.447.35-.74v-.14h-.98c-.286 0-.516.057-.69.17a.506.506 0 0 0-.25.45c0 .18.06.32.18.42.127.093.31.14.55.14Zm3.653-4.18h1.24v.78c.147-.28.353-.493.62-.64.267-.147.563-.22.89-.22.34 0 .607.077.8.23l-.42 1.05a1.144 1.144 0 0 0-.55-.14c-.387 0-.707.167-.96.5-.253.333-.38.847-.38 1.54V27h-1.24v-5.16ZM46 27.08c-.42 0-.803-.113-1.15-.34a2.337 2.337 0 0 1-.82-.95 3.15 3.15 0 0 1-.29-1.37c0-.513.094-.97.28-1.37.194-.407.46-.723.8-.95.34-.227.73-.34 1.17-.34.347 0 .65.063.91.19.26.12.46.293.6.52v-2.55h1.24V27H47.5v-.62a1.676 1.676 0 0 1-.6.51 1.99 1.99 0 0 1-.9.19Zm.3-1.14c.367 0 .67-.137.91-.41.248-.273.37-.643.37-1.11 0-.467-.122-.837-.37-1.11a1.159 1.159 0 0 0-.91-.41c-.366 0-.672.137-.92.41-.24.273-.36.643-.36 1.11 0 .467.12.837.36 1.11.247.273.554.41.92.41ZM17.957 37h-1.3v-7h2.57c.467 0 .87.097 1.21.29.34.187.6.447.78.78.18.327.27.693.27 1.1 0 .407-.09.777-.27 1.11-.18.327-.44.587-.78.78-.34.187-.743.28-1.21.28h-1.27V37Zm1.17-3.86c.32 0 .574-.08.76-.24.187-.167.28-.41.28-.73s-.093-.56-.28-.72c-.186-.167-.44-.25-.76-.25h-1.17v1.94h1.17Zm3.359-1.3h1.24v.78c.146-.28.353-.493.62-.64.266-.147.563-.22.89-.22.34 0 .606.077.8.23l-.42 1.05a1.144 1.144 0 0 0-.55-.14c-.387 0-.707.167-.96.5-.254.333-.38.847-.38 1.54V37h-1.24v-5.16Zm4.187-1.34c0-.227.076-.417.23-.57a.774.774 0 0 1 .57-.23c.226 0 .416.077.57.23.153.153.23.343.23.57a.774.774 0 0 1-.23.57.774.774 0 0 1-.57.23.774.774 0 0 1-.57-.23.774.774 0 0 1-.23-.57Zm1.42 6.5h-1.24v-5.16h1.24V37Zm3.723.08c-.507 0-.957-.113-1.35-.34-.394-.227-.7-.54-.92-.94a2.853 2.853 0 0 1-.33-1.38c0-.513.11-.97.33-1.37.22-.407.526-.723.92-.95.393-.227.843-.34 1.35-.34 1.146 0 1.923.47 2.33 1.41l-1.13.51c-.26-.52-.66-.78-1.2-.78-.387 0-.707.14-.96.42-.254.28-.38.647-.38 1.1 0 .453.126.82.38 1.1.253.28.573.42.96.42.54 0 .94-.26 1.2-.78l1.13.51c-.407.94-1.184 1.41-2.33 1.41Zm8.026-2.26h-3.81c.067.38.224.67.47.87.247.193.547.29.9.29.294 0 .537-.06.73-.18.2-.127.39-.317.57-.57l1.05.57c-.253.413-.576.73-.97.95-.386.22-.87.33-1.45.33-.546 0-1.016-.127-1.41-.38a2.463 2.463 0 0 1-.87-1 2.945 2.945 0 0 1-.29-1.28c0-.447.1-.873.3-1.28.207-.407.504-.737.89-.99.387-.26.844-.39 1.37-.39.534 0 .99.12 1.37.36.38.24.667.557.86.95.194.387.29.8.29 1.24v.51Zm-1.27-.98a1.134 1.134 0 0 0-.41-.72c-.22-.187-.5-.28-.84-.28-.286 0-.543.09-.77.27a1.333 1.333 0 0 0-.47.73h2.49Z" fill="#fff"></path></svg></div><div class="styled__ContentContainer-sc-1d7lp92-8 dVbxyj ddsweb-value-bar__content-container"><p title="£2.00 Half Price Clubcard Price" class="text__StyledText-sc-1jpzi8m-0 gljcji ddsweb-text styled__ContentText-sc-1d7lp92-9 ijspZf ddsweb-value-bar__content-text">£2.00 Half Price Clubcard Price</p><p class="text__StyledText-sc-1jpzi8m-0 ggFawa ddsweb-text styled__SubText-sc-1d7lp92-11 jGBCCZ ddsweb-value-bar__content-subtext">(£5.00/kg)</p></div><div class="styled__IconContainer-sc-1d7lp92-12 gA-DXsl ddsweb-value-bar__icon-container"><svg xmlns="http://www.w3.org/2000/svg" width="16" height="16" fill="none" aria-hidden="true" data-di-res-id="ab520027-fb998517" data-di-rand="1749971260960"><path d="M4.354 2.771 9.77 8l-5.417 5.223 1.04 1.08L11.932 8 5.395 1.692l-1.041 1.08Z" fill="#00539F"></path></svg></div></div><p class="text__StyledText-sc-1jpzi8m-0 ggFawa ddsweb-text styled__TermsText-sc-1d7lp92-10 dCWOwo ddsweb-value-bar__terms">Offer valid for delivery from 03/06/2025 until 23/06/2025</p></a></div></div></div></div><div class="styled__StyledBuyBoxContainer-sc-t48uy4-3 jYiGsR SYzVz" orientation="vertical"><div class="base-components__RootElement-sc-150pv2j-1 styled__Container-sc-159tobh-0 gUUOsR cyGXML gmbSL ddsweb-buybox__container"><div class="base-components__BaseElement-sc-150pv2j-0 styled__PriceAndActions-sc-159tobh-3 iwUsaJ hyWgI ddsweb-buybox__price-and-actions"><div class="styled__StyledPriceContainer-sc-159tobh-5 kpODmQ"><div class="base-components__RootElement-sc-150pv2j-1 styled__Container-sc-v0qv7n-0 gUUOsR dECJWY ddsweb-buybox__price ddsweb-price__container"><p class="text__StyledText-sc-1jpzi8m-0 gyHOWz ddsweb-text styled__PriceText-sc-v0qv7n-1 cXlRF">£4.00</p><p class="text__StyledText-sc-1jpzi8m-0 kiGrpI ddsweb-text styled__Subtext-sc-v0qv7n-2 kLkheV ddsweb-price__subtext">£10.00/kg</p></div></div><div class="base-components__RootElement-sc-150pv2j-1 styled__Container-sc-195yncy-0 gUUOsR fGLoHO ddsweb-buybox__actions ddsweb-quantity-controls__container"><div class="base-components__RootElement-sc-150pv2j-1 styled__Container-sc-1rbigln-0 gUUOsR jjKXIy styled__StyledFormGroup-sc-195yncy-1 ldxiiI ddsweb-quantity-controls__form-group ddsweb-form-group__container"><label class="styled__StyledLabel-sc-1bpek9-0 CsZQe styled__StyledLabel-sc-1rbigln-2 eaqwEU ddsweb-form-group__label ddsweb-label" for="quantity-controls-267045457">Quantity controls, undefined</label><div class="base-components__BaseElement-sc-150pv2j-0 styled__Children-sc-1rbigln-5 iwUsaJ csugvD ddsweb-form-group__children"><div class="styled__StyledQuantityControlWrapper-sc-195yncy-6 lbTVkV"><label id="quantity-controls-267045457-label" class="styled__VisuallyHiddenLabel-sc-195yncy-7 bflMtB">Quantity of Birds Eye 4 Battered Fish Fillets 400G</label><div class="component__Wrapper-sc-19wd3h0-3 kiZcNf input-wrapper"><input class="base-components__RootElement-sc-150pv2j-1 styled__StyledInput-sc-7h0jvk-0 component__StyledAsInput-sc-19wd3h0-4 gUUOsR hlAFFt styled__StyledInput-sc-195yncy-3 jPiMHf ddsweb-quantity-controls__input ddsweb-input" data-auto="ddsweb-quantity-controls-input" autocomplete="off" id="quantity-controls-267045457" maxlength="2" type="number" aria-labelledby="quantity-controls-267045457-label" value="1" data-di-id="#quantity-controls-267045457"></div></div><button class="styled__StyledTextButton-sc-8hxn3m-0 bjIvKR styled__StyledButton-sc-195yncy-5 jUbPrY ddsweb-quantity-controls__add-button ddsweb-button ddsweb-button--text-button" type="submit" data-auto="ddsweb-quantity-controls-add-button" aria-label="add 1 Birds Eye 4 Battered Fish Fillets 400G" data-di-id="di-id-21e0a446-c6123c1b"><span class="shared-containers__StyledInnerContainer-sc-93ev6e-2 gplLQL ddsweb-button__inner-container">Add</span></button></div></div></div></div></div></div><div class="styled__StyledMessagingContainer-sc-t48uy4-5 jHhxvV" orientation="vertical"></div></div></div></li><li data-testid="310150394" class="WL_DZ" data-auto-available="true"><div class="_ecrj"><div class="styled__StyledVerticalTile-sc-1r1v9f3-1 LihIl"><div class="woiNV"></div><div class="styled__StyledImageContainer-sc-t48uy4-0 bixZuE KZ_O1"><a class="styled__ImageContainer-sc-1fweb41-0 irjUEM" href="/groceries/en-GB/products/310150394" aria-hidden="true" tabindex="-1" data-testid="imageContainer_310150394" data-di-id="di-id-745e762e-58d77648"><img alt="" aria-label="" orientation="vertical" src="https://digitalcontent.api.tesco.com/v2/media/ghs/75225a70-318c-4af2-ad68-1f76b632b344/b06a2076-92d6-459a-93f8-feac7b8fac48.jpeg?h=225&amp;w=225" loading="lazy" data-testid="imageElement_310150394" class="styled__StyledImage-sc-1fweb41-1 hCXoFX"></a></div><div class="styled__StyledTitleContainer-sc-t48uy4-1 hmpPZn"><h2 class="component__StyledHeading-sc-1t0ixqu-0 iDJPjF ddsweb-heading styled-sc-mz7xly-0 kXoSwE styled__StyledTitle-sc-1a6zg7t-0 etoGWB b_hC4 ddsweb-title-link__container"><a class="styled__Anchor-sc-1i711qa-0 gRXcDF ddsweb-title-link__link ddsweb-link__anchor" href="/groceries/en-GB/products/310150394" aria-label="Tesco 2 Skinless &amp; Boneless Basa Fillets 250G" data-di-id="di-id-799bdb7e-2e015cf5"><span class="styled__Text-sc-1i711qa-1 bsLJsh ddsweb-link__text">Tesco 2 Skinless &amp; Boneless Basa Fillets 250G</span></a></h2></div><div class="zWmtM"><div class="styled__StyledNonInteractiveContainer-sc-1de15j6-7 klymXO ddsweb-rating__container" data-testid="star-rating" aria-label="Average customer rating 4.3 out of 5 stars"><svg class="ddsweb-rating__icon-active" aria-hidden="true" xmlns="http://www.w3.org/2000/svg" width="12" height="12" viewBox="0 0 12 12" fill="none" data-di-res-id="8d956410-7ff6721b" data-di-rand="1749971260961"><path fill="var(--ddsweb-theme-colors-tesco-blue, #00539f)" stroke="var(--ddsweb-theme-colors-grayscale, #666666)" d="M6.24228 9.51529L6 9.38108L5.75772 9.51529L2.9631 11.0633L3.50417 7.74036L3.54466 7.49166L3.36886 7.31115L1.03607 4.91585L4.23368 4.42624L4.49754 4.38584L4.61078 4.14411L6 1.17863L7.38922 4.14411L7.50246 4.38584L7.76632 4.42624L10.9639 4.91585L8.63114 7.31115L8.45534 7.49166L8.49583 7.74035L9.0369 11.0633L6.24228 9.51529Z"></path></svg><svg class="ddsweb-rating__icon-active" aria-hidden="true" xmlns="http://www.w3.org/2000/svg" width="12" height="12" viewBox="0 0 12 12" fill="none" data-di-res-id="8d956410-7135c95c" data-di-rand="1749971260961"><path fill="var(--ddsweb-theme-colors-tesco-blue, #00539f)" stroke="var(--ddsweb-theme-colors-grayscale, #666666)" d="M6.24228 9.51529L6 9.38108L5.75772 9.51529L2.9631 11.0633L3.50417 7.74036L3.54466 7.49166L3.36886 7.31115L1.03607 4.91585L4.23368 4.42624L4.49754 4.38584L4.61078 4.14411L6 1.17863L7.38922 4.14411L7.50246 4.38584L7.76632 4.42624L10.9639 4.91585L8.63114 7.31115L8.45534 7.49166L8.49583 7.74035L9.0369 11.0633L6.24228 9.51529Z"></path></svg><svg class="ddsweb-rating__icon-active" aria-hidden="true" xmlns="http://www.w3.org/2000/svg" width="12" height="12" viewBox="0 0 12 12" fill="none" data-di-res-id="13ee6742-39fbb66d" data-di-rand="1749971260961"><path fill="var(--ddsweb-theme-colors-tesco-blue, #00539f)" stroke="var(--ddsweb-theme-colors-grayscale, #666666)" d="M6.24228 9.51529L6 9.38108L5.75772 9.51529L2.9631 11.0633L3.50417 7.74036L3.54466 7.49166L3.36886 7.31115L1.03607 4.91585L4.23368 4.42624L4.49754 4.38584L4.61078 4.14411L6 1.17863L7.38922 4.14411L7.50246 4.38584L7.76632 4.42624L10.9639 4.91585L8.63114 7.31115L8.45534 7.49166L8.49583 7.74035L9.0369 11.0633L6.24228 9.51529Z"></path></svg><svg class="ddsweb-rating__icon-active" aria-hidden="true" xmlns="http://www.w3.org/2000/svg" width="12" height="12" viewBox="0 0 12 12" fill="none" data-di-res-id="13ee6742-1f6d47dc" data-di-rand="1749971260961"><path fill="var(--ddsweb-theme-colors-tesco-blue, #00539f)" stroke="var(--ddsweb-theme-colors-grayscale, #666666)" d="M6.24228 9.51529L6 9.38108L5.75772 9.51529L2.9631 11.0633L3.50417 7.74036L3.54466 7.49166L3.36886 7.31115L1.03607 4.91585L4.23368 4.42624L4.49754 4.38584L4.61078 4.14411L6 1.17863L7.38922 4.14411L7.50246 4.38584L7.76632 4.42624L10.9639 4.91585L8.63114 7.31115L8.45534 7.49166L8.49583 7.74035L9.0369 11.0633L6.24228 9.51529Z"></path></svg><svg class="ddsweb-rating__icon-half-active" aria-hidden="true" xmlns="http://www.w3.org/2000/svg" width="12" height="12" viewBox="0 0 12 12" fill="none" data-di-res-id="13ee6742-f239ae2d" data-di-rand="1749971260961"><g clip-path="url(#clip0_1_2)"><path d="M6.24228 9.51529L6 9.38108L5.75772 9.51529L2.9631 11.0633L3.50417 7.74036L3.54466 7.49166L3.36886 7.31115L1.03607 4.91585L4.23368 4.42624L4.49754 4.38584L4.61078 4.14411L6 1.17863L7.38922 4.14411L7.50246 4.38584L7.76632 4.42624L10.9639 4.91585L8.63114 7.31115L8.45534 7.49166L8.49583 7.74036L9.0369 11.0633L6.24228 9.51529Z" fill="var(--ddsweb-theme-colors-tesco-blue, #00539f)"></path><path fill-rule="evenodd" clip-rule="evenodd" d="M6 9.95267V0L7.842 3.932L12 4.56867L8.98933 7.66L9.696 12L6 9.95267Z" fill="var(--ddsweb-theme-colors-white, #ffffff)"></path></g><path stroke="var(--ddsweb-theme-colors-grayscale, #666666)" d="M6.24228 9.51529L6 9.38108L5.75772 9.51529L2.9631 11.0633L3.50417 7.74036L3.54466 7.49166L3.36886 7.31115L1.03607 4.91585L4.23368 4.42624L4.49754 4.38584L4.61078 4.14411L6 1.17863L7.38922 4.14411L7.50246 4.38584L7.76632 4.42624L10.9639 4.91585L8.63114 7.31115L8.45534 7.49166L8.49583 7.74035L9.0369 11.0633L6.24228 9.51529Z"></path><defs><clipPath id="clip0_1_2"><rect width="12" height="12" fill="white"></rect></clipPath></defs></svg><p class="text__StyledText-sc-1jpzi8m-0 kiGrpI ddsweb-text styled__StyledHint-sc-1de15j6-8 MfAbW ddsweb-rating__hint">4.3 (86)</p></div></div><div class="styled__StyledVariationsContainer-sc-t48uy4-13 bDZUAH"></div><div class="styled__StyledDeliveryMessageContainer-sc-t48uy4-7 hhgAvL"></div><div class="styled__StyledDetailsContainer-sc-t48uy4-2 dMquZm" orientation="vertical"><a class="styled__Anchor-sc-1i711qa-0 lfiJmH styled__StyledLink-sc-k2gmo0-0 iktlRk ddsweb-link__anchor" href="/groceries/en-GB/reviews/submission/310150394" data-di-id="di-id-5538334c-67b39d6f"><span class="styled__Text-sc-1i711qa-1 RIkWH ddsweb-link__text">Write a review</span><span class="styled__IconContainer-sc-1i711qa-2 femlOX ddsweb-link__icon-container"><svg aria-hidden="true" class="styled__SVG-sc-1fqfvah-1 iGyaMX ddsweb-link__icon ddsweb-icon__svg" height="10" preserveAspectRatio="xMinYMax meet" viewBox="-1 0 12 20" width="6" xmlns="http://www.w3.org/2000/svg" color="currentColor" data-di-res-id="13ee6742-978ee575" data-di-rand="1749971260961"><path d="M1.312 1.348L10.276 10l-8.964 8.644" fill="none" stroke="currentColor"></path></svg></span></a><a class="styled__Anchor-sc-1i711qa-0 lfiJmH styled__StyledLink-sc-1ylrywh-0 joIFCQ ddsweb-link__anchor" href="/groceries/en-GB/shop/fresh-food/chilled-fish-and-seafood/cod-haddock-and-white-fish/fresh-basa" aria-label="Rest of shelf Fresh Basa" data-di-id="di-id-3e05cab0-886de85d"><span class="styled__Text-sc-1i711qa-1 RIkWH ddsweb-link__text">Rest of shelf</span><span class="styled__IconContainer-sc-1i711qa-2 femlOX ddsweb-link__icon-container"><svg aria-hidden="true" class="styled__SVG-sc-1fqfvah-1 iGyaMX ddsweb-link__icon ddsweb-icon__svg" height="10" preserveAspectRatio="xMinYMax meet" viewBox="-1 0 12 20" width="6" xmlns="http://www.w3.org/2000/svg" color="currentColor" data-di-res-id="13ee6742-92e020a4" data-di-rand="1749971260961"><path d="M1.312 1.348L10.276 10l-8.964 8.644" fill="none" stroke="currentColor"></path></svg></span></a></div><div class="styled__StyledPromotionsContainer-sc-t48uy4-4 iFrZAf"></div><div class="styled__StyledBuyBoxContainer-sc-t48uy4-3 jYiGsR SYzVz" orientation="vertical"><div class="base-components__RootElement-sc-150pv2j-1 styled__Container-sc-159tobh-0 gUUOsR cyGXML gmbSL ddsweb-buybox__container"><div class="base-components__BaseElement-sc-150pv2j-0 styled__PriceAndActions-sc-159tobh-3 iwUsaJ hyWgI ddsweb-buybox__price-and-actions"><div class="styled__StyledPriceContainer-sc-159tobh-5 kpODmQ"><div class="base-components__RootElement-sc-150pv2j-1 styled__Container-sc-v0qv7n-0 gUUOsR dECJWY ddsweb-buybox__price ddsweb-price__container"><p class="text__StyledText-sc-1jpzi8m-0 gyHOWz ddsweb-text styled__PriceText-sc-v0qv7n-1 cXlRF">£2.19</p><p class="text__StyledText-sc-1jpzi8m-0 kiGrpI ddsweb-text styled__Subtext-sc-v0qv7n-2 kLkheV ddsweb-price__subtext">£8.76/kg</p></div></div><div class="base-components__RootElement-sc-150pv2j-1 styled__Container-sc-195yncy-0 gUUOsR fGLoHO ddsweb-buybox__actions ddsweb-quantity-controls__container"><div class="base-components__RootElement-sc-150pv2j-1 styled__Container-sc-1rbigln-0 gUUOsR jjKXIy styled__StyledFormGroup-sc-195yncy-1 ldxiiI ddsweb-quantity-controls__form-group ddsweb-form-group__container"><label class="styled__StyledLabel-sc-1bpek9-0 CsZQe styled__StyledLabel-sc-1rbigln-2 eaqwEU ddsweb-form-group__label ddsweb-label" for="quantity-controls-310150394">Quantity controls, undefined</label><div class="base-components__BaseElement-sc-150pv2j-0 styled__Children-sc-1rbigln-5 iwUsaJ csugvD ddsweb-form-group__children"><div class="styled__StyledQuantityControlWrapper-sc-195yncy-6 lbTVkV"><label id="quantity-controls-310150394-label" class="styled__VisuallyHiddenLabel-sc-195yncy-7 bflMtB">Quantity of Tesco 2 Skinless &amp; Boneless Basa Fillets 250G</label><div class="component__Wrapper-sc-19wd3h0-3 kiZcNf input-wrapper"><input class="base-components__RootElement-sc-150pv2j-1 styled__StyledInput-sc-7h0jvk-0 component__StyledAsInput-sc-19wd3h0-4 gUUOsR hlAFFt styled__StyledInput-sc-195yncy-3 jPiMHf ddsweb-quantity-controls__input ddsweb-input" data-auto="ddsweb-quantity-controls-input" autocomplete="off" id="quantity-controls-310150394" maxlength="2" type="number" aria-labelledby="quantity-controls-310150394-label" value="1" data-di-id="#quantity-controls-310150394"></div></div><button class="styled__StyledTextButton-sc-8hxn3m-0 bjIvKR styled__StyledButton-sc-195yncy-5 jUbPrY ddsweb-quantity-controls__add-button ddsweb-button ddsweb-button--text-button" type="submit" data-auto="ddsweb-quantity-controls-add-button" aria-label="add 1 Tesco 2 Skinless &amp; Boneless Basa Fillets 250G" data-di-id="di-id-21e0a446-5f1b6da1"><span class="shared-containers__StyledInnerContainer-sc-93ev6e-2 gplLQL ddsweb-button__inner-container">Add</span></button></div></div></div></div></div></div><div class="styled__StyledMessagingContainer-sc-t48uy4-5 jHhxvV" orientation="vertical"></div></div></div></li><li data-testid="299598237" class="WL_DZ" data-auto-available="true"><div class="_ecrj"><div class="styled__StyledVerticalTile-sc-1r1v9f3-1 LihIl"><div class="woiNV"></div><div class="styled__StyledImageContainer-sc-t48uy4-0 bixZuE KZ_O1"><a class="styled__ImageContainer-sc-1fweb41-0 irjUEM" href="/groceries/en-GB/products/299598237" aria-hidden="true" tabindex="-1" data-testid="imageContainer_299598237" data-di-id="di-id-745e762e-d90fce49"><img alt="" aria-label="" orientation="vertical" src="https://digitalcontent.api.tesco.com/v2/media/ghs/8287f82c-5870-4c96-b5e5-6e639adbab10/fa9920d5-7fe7-462c-8b82-b500b12eaab9.jpeg?h=225&amp;w=225" loading="lazy" data-testid="imageElement_299598237" class="styled__StyledImage-sc-1fweb41-1 hCXoFX"></a></div><div class="styled__StyledTitleContainer-sc-t48uy4-1 hmpPZn"><h2 class="component__StyledHeading-sc-1t0ixqu-0 iDJPjF ddsweb-heading styled-sc-mz7xly-0 kXoSwE styled__StyledTitle-sc-1a6zg7t-0 etoGWB b_hC4 ddsweb-title-link__container"><a class="styled__Anchor-sc-1i711qa-0 gRXcDF ddsweb-title-link__link ddsweb-link__anchor" href="/groceries/en-GB/products/299598237" aria-label="Bay Fishmongers White Fish Fillets 520G" data-di-id="di-id-799bdb7e-afd9e4f4"><span class="styled__Text-sc-1i711qa-1 bsLJsh ddsweb-link__text">Bay Fishmongers White Fish Fillets 520G</span></a></h2></div><div class="zWmtM"><div class="styled__StyledNonInteractiveContainer-sc-1de15j6-7 klymXO ddsweb-rating__container" data-testid="star-rating" aria-label="Average customer rating 3.9 out of 5 stars"><svg class="ddsweb-rating__icon-active" aria-hidden="true" xmlns="http://www.w3.org/2000/svg" width="12" height="12" viewBox="0 0 12 12" fill="none" data-di-res-id="13ee6742-73f1bd06" data-di-rand="1749971260961"><path fill="var(--ddsweb-theme-colors-tesco-blue, #00539f)" stroke="var(--ddsweb-theme-colors-grayscale, #666666)" d="M6.24228 9.51529L6 9.38108L5.75772 9.51529L2.9631 11.0633L3.50417 7.74036L3.54466 7.49166L3.36886 7.31115L1.03607 4.91585L4.23368 4.42624L4.49754 4.38584L4.61078 4.14411L6 1.17863L7.38922 4.14411L7.50246 4.38584L7.76632 4.42624L10.9639 4.91585L8.63114 7.31115L8.45534 7.49166L8.49583 7.74035L9.0369 11.0633L6.24228 9.51529Z"></path></svg><svg class="ddsweb-rating__icon-active" aria-hidden="true" xmlns="http://www.w3.org/2000/svg" width="12" height="12" viewBox="0 0 12 12" fill="none" data-di-res-id="13ee6742-f5363551" data-di-rand="1749971260961"><path fill="var(--ddsweb-theme-colors-tesco-blue, #00539f)" stroke="var(--ddsweb-theme-colors-grayscale, #666666)" d="M6.24228 9.51529L6 9.38108L5.75772 9.51529L2.9631 11.0633L3.50417 7.74036L3.54466 7.49166L3.36886 7.31115L1.03607 4.91585L4.23368 4.42624L4.49754 4.38584L4.61078 4.14411L6 1.17863L7.38922 4.14411L7.50246 4.38584L7.76632 4.42624L10.9639 4.91585L8.63114 7.31115L8.45534 7.49166L8.49583 7.74035L9.0369 11.0633L6.24228 9.51529Z"></path></svg><svg class="ddsweb-rating__icon-active" aria-hidden="true" xmlns="http://www.w3.org/2000/svg" width="12" height="12" viewBox="0 0 12 12" fill="none" data-di-res-id="13ee6742-da74eaf1" data-di-rand="1749971260961"><path fill="var(--ddsweb-theme-colors-tesco-blue, #00539f)" stroke="var(--ddsweb-theme-colors-grayscale, #666666)" d="M6.24228 9.51529L6 9.38108L5.75772 9.51529L2.9631 11.0633L3.50417 7.74036L3.54466 7.49166L3.36886 7.31115L1.03607 4.91585L4.23368 4.42624L4.49754 4.38584L4.61078 4.14411L6 1.17863L7.38922 4.14411L7.50246 4.38584L7.76632 4.42624L10.9639 4.91585L8.63114 7.31115L8.45534 7.49166L8.49583 7.74035L9.0369 11.0633L6.24228 9.51529Z"></path></svg><svg class="ddsweb-rating__icon-half-active" aria-hidden="true" xmlns="http://www.w3.org/2000/svg" width="12" height="12" viewBox="0 0 12 12" fill="none" data-di-res-id="13ee6742-162e8a" data-di-rand="1749971260961"><g clip-path="url(#clip0_1_2)"><path d="M6.24228 9.51529L6 9.38108L5.75772 9.51529L2.9631 11.0633L3.50417 7.74036L3.54466 7.49166L3.36886 7.31115L1.03607 4.91585L4.23368 4.42624L4.49754 4.38584L4.61078 4.14411L6 1.17863L7.38922 4.14411L7.50246 4.38584L7.76632 4.42624L10.9639 4.91585L8.63114 7.31115L8.45534 7.49166L8.49583 7.74036L9.0369 11.0633L6.24228 9.51529Z" fill="var(--ddsweb-theme-colors-tesco-blue, #00539f)"></path><path fill-rule="evenodd" clip-rule="evenodd" d="M6 9.95267V0L7.842 3.932L12 4.56867L8.98933 7.66L9.696 12L6 9.95267Z" fill="var(--ddsweb-theme-colors-white, #ffffff)"></path></g><path stroke="var(--ddsweb-theme-colors-grayscale, #666666)" d="M6.24228 9.51529L6 9.38108L5.75772 9.51529L2.9631 11.0633L3.50417 7.74036L3.54466 7.49166L3.36886 7.31115L1.03607 4.91585L4.23368 4.42624L4.49754 4.38584L4.61078 4.14411L6 1.17863L7.38922 4.14411L7.50246 4.38584L7.76632 4.42624L10.9639 4.91585L8.63114 7.31115L8.45534 7.49166L8.49583 7.74035L9.0369 11.0633L6.24228 9.51529Z"></path><defs><clipPath id="clip0_1_2"><rect width="12" height="12" fill="white"></rect></clipPath></defs></svg><svg class="ddsweb-rating__icon-inactive" aria-hidden="true" xmlns="http://www.w3.org/2000/svg" width="12" height="12" viewBox="0 0 12 12" fill="none" data-di-res-id="13ee6742-a212d984" data-di-rand="1749971260961"><path fill="var(--ddsweb-theme-colors-white, #ffffff)" stroke="var(--ddsweb-theme-colors-grayscale, #666666)" d="M6.24228 9.51529L6 9.38108L5.75772 9.51529L2.9631 11.0633L3.50417 7.74036L3.54466 7.49166L3.36886 7.31115L1.03607 4.91585L4.23368 4.42624L4.49754 4.38584L4.61078 4.14411L6 1.17863L7.38922 4.14411L7.50246 4.38584L7.76632 4.42624L10.9639 4.91585L8.63114 7.31115L8.45534 7.49166L8.49583 7.74035L9.0369 11.0633L6.24228 9.51529Z"></path></svg><p class="text__StyledText-sc-1jpzi8m-0 kiGrpI ddsweb-text styled__StyledHint-sc-1de15j6-8 MfAbW ddsweb-rating__hint">3.9 (97)</p></div></div><div class="styled__StyledVariationsContainer-sc-t48uy4-13 bDZUAH"></div><div class="styled__StyledDeliveryMessageContainer-sc-t48uy4-7 hhgAvL"></div><div class="styled__StyledDetailsContainer-sc-t48uy4-2 dMquZm" orientation="vertical"><a class="styled__Anchor-sc-1i711qa-0 lfiJmH styled__StyledLink-sc-k2gmo0-0 iktlRk ddsweb-link__anchor" href="/groceries/en-GB/reviews/submission/299598237" data-di-id="di-id-5538334c-e66b256e"><span class="styled__Text-sc-1i711qa-1 RIkWH ddsweb-link__text">Write a review</span><span class="styled__IconContainer-sc-1i711qa-2 femlOX ddsweb-link__icon-container"><svg aria-hidden="true" class="styled__SVG-sc-1fqfvah-1 iGyaMX ddsweb-link__icon ddsweb-icon__svg" height="10" preserveAspectRatio="xMinYMax meet" viewBox="-1 0 12 20" width="6" xmlns="http://www.w3.org/2000/svg" color="currentColor" data-di-res-id="8d956410-d56088db" data-di-rand="1749971260961"><path d="M1.312 1.348L10.276 10l-8.964 8.644" fill="none" stroke="currentColor"></path></svg></span></a><a class="styled__Anchor-sc-1i711qa-0 lfiJmH styled__StyledLink-sc-1ylrywh-0 joIFCQ ddsweb-link__anchor" href="/groceries/en-GB/shop/frozen-food/fish-and-seafood/fish-fillets/frozen-cod-and-white-fish" aria-label="Rest of shelf Frozen Cod &amp; White Fish" data-di-id="di-id-b04c0fbb-ec62bf2"><span class="styled__Text-sc-1i711qa-1 RIkWH ddsweb-link__text">Rest of shelf</span><span class="styled__IconContainer-sc-1i711qa-2 femlOX ddsweb-link__icon-container"><svg aria-hidden="true" class="styled__SVG-sc-1fqfvah-1 iGyaMX ddsweb-link__icon ddsweb-icon__svg" height="10" preserveAspectRatio="xMinYMax meet" viewBox="-1 0 12 20" width="6" xmlns="http://www.w3.org/2000/svg" color="currentColor" data-di-res-id="15bc8ac-c8965d40" data-di-rand="1749971260962"><path d="M1.312 1.348L10.276 10l-8.964 8.644" fill="none" stroke="currentColor"></path></svg></span></a></div><div class="styled__StyledPromotionsContainer-sc-t48uy4-4 iFrZAf"></div><div class="styled__StyledBuyBoxContainer-sc-t48uy4-3 jYiGsR SYzVz" orientation="vertical"><div class="base-components__RootElement-sc-150pv2j-1 styled__Container-sc-159tobh-0 gUUOsR cyGXML gmbSL ddsweb-buybox__container"><div class="base-components__BaseElement-sc-150pv2j-0 styled__PriceAndActions-sc-159tobh-3 iwUsaJ hyWgI ddsweb-buybox__price-and-actions"><div class="styled__StyledPriceContainer-sc-159tobh-5 kpODmQ"><div class="base-components__RootElement-sc-150pv2j-1 styled__Container-sc-v0qv7n-0 gUUOsR dECJWY ddsweb-buybox__price ddsweb-price__container"><p class="text__StyledText-sc-1jpzi8m-0 gyHOWz ddsweb-text styled__PriceText-sc-v0qv7n-1 cXlRF">£2.49</p><p class="text__StyledText-sc-1jpzi8m-0 kiGrpI ddsweb-text styled__Subtext-sc-v0qv7n-2 kLkheV ddsweb-price__subtext">£4.79/kg</p></div></div><div class="base-components__RootElement-sc-150pv2j-1 styled__Container-sc-195yncy-0 gUUOsR fGLoHO ddsweb-buybox__actions ddsweb-quantity-controls__container"><div class="base-components__RootElement-sc-150pv2j-1 styled__Container-sc-1rbigln-0 gUUOsR jjKXIy styled__StyledFormGroup-sc-195yncy-1 ldxiiI ddsweb-quantity-controls__form-group ddsweb-form-group__container"><label class="styled__StyledLabel-sc-1bpek9-0 CsZQe styled__StyledLabel-sc-1rbigln-2 eaqwEU ddsweb-form-group__label ddsweb-label" for="quantity-controls-299598237">Quantity controls, undefined</label><div class="base-components__BaseElement-sc-150pv2j-0 styled__Children-sc-1rbigln-5 iwUsaJ csugvD ddsweb-form-group__children"><div class="styled__StyledQuantityControlWrapper-sc-195yncy-6 lbTVkV"><label id="quantity-controls-299598237-label" class="styled__VisuallyHiddenLabel-sc-195yncy-7 bflMtB">Quantity of Bay Fishmongers White Fish Fillets 520G</label><div class="component__Wrapper-sc-19wd3h0-3 kiZcNf input-wrapper"><input class="base-components__RootElement-sc-150pv2j-1 styled__StyledInput-sc-7h0jvk-0 component__StyledAsInput-sc-19wd3h0-4 gUUOsR hlAFFt styled__StyledInput-sc-195yncy-3 jPiMHf ddsweb-quantity-controls__input ddsweb-input" data-auto="ddsweb-quantity-controls-input" autocomplete="off" id="quantity-controls-299598237" maxlength="2" type="number" aria-labelledby="quantity-controls-299598237-label" value="1" data-di-id="#quantity-controls-299598237"></div></div><button class="styled__StyledTextButton-sc-8hxn3m-0 bjIvKR styled__StyledButton-sc-195yncy-5 jUbPrY ddsweb-quantity-controls__add-button ddsweb-button ddsweb-button--text-button" type="submit" data-auto="ddsweb-quantity-controls-add-button" aria-label="add 1 Bay Fishmongers White Fish Fillets 520G" data-di-id="di-id-21e0a446-281c5d37"><span class="shared-containers__StyledInnerContainer-sc-93ev6e-2 gplLQL ddsweb-button__inner-container">Add</span></button></div></div></div></div></div></div><div class="styled__StyledMessagingContainer-sc-t48uy4-5 jHhxvV" orientation="vertical"><div class="styled__WhiteBackground-sc-xqtzo2-1 jDYWlb"><span class="Logo__StyledLogoWrapper-sc-10f4xmd-0 cGnQEK logo logo--size-sm aldi-price-match"><svg role="img" xmlns="http://www.w3.org/2000/svg" viewBox="0 0 56 56" fill="none" data-di-res-id="15bc8ac-8c78bebe" data-di-rand="1749971260962"><title>Aldi Price Match</title><path fill="#fff" d="M0 0h56v56H0z"></path><path d="M52 28C52 14.745 41.254 4 28 4 14.745 4 4 14.745 4 28s10.745 24 24 24c13.254 0 24-10.745 24-24Z" fill="#E81C2D"></path><mask id="a" style="mask-type: alpha;" maskUnits="userSpaceOnUse" x="19" y="22" width="33" height="27"><path d="m19.55 36.648 11.937 12.069L52 28.023V22.5l-.663.69-19.782 20-9.193-9.294-2.812 2.752Z" fill="#fff"></path></mask><g mask="url(#a)"><path d="M52 28C52 14.745 41.254 4 28 4 14.745 4 4 14.745 4 28s10.745 24 24 24c13.254 0 24-10.745 24-24Z" fill="#fff"></path></g><path d="m24.06 12.21-.698-2.06-.7 2.06h1.399Zm.36 1.06h-2.116l-.499 1.46H20.6l2.194-6.19h1.137l2.194 6.19h-1.206l-.498-1.46ZM27.57 14.73h-1.085V8.47h1.085v6.26ZM31.242 13.43c.213-.242.319-.57.319-.982 0-.412-.106-.74-.32-.98a1.02 1.02 0 0 0-.799-.364c-.32 0-.587.122-.8.363-.212.242-.319.569-.319.98 0 .414.107.741.32.982.212.242.479.363.8.363.32 0 .586-.121.799-.363Zm-2.068 1.07a2.03 2.03 0 0 1-.712-.841 2.768 2.768 0 0 1-.258-1.211c0-.454.083-.859.249-1.215.166-.357.398-.635.695-.835.297-.2.638-.301 1.023-.301.303 0 .569.054.796.163.227.11.402.264.524.464V8.47h1.085v6.26H31.49v-.55a1.429 1.429 0 0 1-.524.447 1.689 1.689 0 0 1-.787.173c-.367 0-.703-.1-1.006-.3ZM34.585 14.73h-1.084v-4.563h1.084v4.562Zm-1.04-6.163a.673.673 0 0 1 .498-.203.688.688 0 0 1 .7.707.687.687 0 0 1-.7.708.687.687 0 0 1-.7-.707c0-.2.067-.369.201-.505ZM19.543 19.502c.207-.183.31-.455.31-.814 0-.358-.103-.63-.31-.813-.207-.183-.488-.275-.843-.275h-1.298v2.177H18.7c.355 0 .636-.092.843-.275Zm-2.141 4.604H15.96v-7.852h2.85c.519 0 .966.107 1.343.32.378.213.666.505.866.875.2.37.299.783.299 1.24 0 .456-.1.869-.3 1.24-.2.37-.488.66-.865.874-.377.213-.824.32-1.342.32H17.4v2.983ZM21.866 18.318h1.376v.875c.162-.314.391-.553.687-.718.296-.164.625-.246.988-.246.377 0 .673.086.887.258l-.465 1.177a1.26 1.26 0 0 0-.61-.157c-.43 0-.785.187-1.066.561-.281.374-.421.95-.421 1.728v2.31h-1.376v-5.788ZM27.62 24.106h-1.375v-5.788h1.376v5.788Zm-1.32-7.818a.855.855 0 0 1 .633-.258c.25 0 .462.086.632.258.17.172.255.385.255.64a.874.874 0 0 1-.255.639.855.855 0 0 1-.632.258.873.873 0 0 1-.887-.898c0-.254.084-.467.254-.639ZM29.758 23.814a2.664 2.664 0 0 1-1.02-1.06c-.244-.452-.366-.966-.366-1.542 0-.576.122-1.09.366-1.542a2.669 2.669 0 0 1 1.02-1.06c.437-.254.936-.381 1.498-.381 1.272 0 2.134.527 2.585 1.581l-1.254.573c-.288-.584-.732-.876-1.33-.876-.43 0-.785.157-1.066.471-.28.315-.421.726-.421 1.234 0 .509.14.92.421 1.234.281.314.636.471 1.065.471.6 0 1.043-.291 1.331-.875l1.254.572c-.45 1.055-1.313 1.582-2.585 1.582-.562 0-1.061-.127-1.498-.382ZM38.286 20.561a1.284 1.284 0 0 0-.449-.807c-.248-.21-.56-.314-.938-.314-.318 0-.603.1-.854.297-.252.199-.425.473-.521.825h2.762Zm1.409 1.1h-4.227c.074.426.248.75.522.97.273.22.606.331.998.331.325 0 .598-.07.816-.208.218-.138.427-.349.627-.633l1.164.64a2.968 2.968 0 0 1-1.07 1.065c-.433.246-.971.37-1.614.37-.607 0-1.127-.144-1.559-.432a2.701 2.701 0 0 1-.971-1.116 3.332 3.332 0 0 1-.322-1.436c0-.5.113-.98.339-1.435.225-.456.553-.829.981-1.117.43-.287.936-.431 1.52-.431.592 0 1.099.134 1.52.403.422.27.74.623.954 1.06.215.438.322.903.322 1.397v.572ZM16.304 25.693h1.33l1.482 3.92 1.482-3.92h1.33v6.278h-1.153v-3.82l-1.224 3.246h-.87l-1.223-3.246v3.82h-1.154v-6.278ZM25.178 30.823a.85.85 0 0 0 .306-.663v-.126h-.869c-.254 0-.457.05-.608.148a.463.463 0 0 0-.226.408c0 .162.055.286.165.372.109.087.27.13.482.13.296 0 .546-.09.75-.269Zm-1.77 1.059a1.273 1.273 0 0 1-.78-1.211c0-.455.169-.82.506-1.099.337-.278.792-.417 1.366-.417h.984v-.161a.71.71 0 0 0-.24-.561c-.159-.14-.375-.21-.646-.21-.22 0-.418.058-.595.175a1.21 1.21 0 0 0-.399.407l-.843-.51a1.96 1.96 0 0 1 .71-.732c.313-.194.689-.29 1.127-.29.626 0 1.114.151 1.463.456.349.305.523.745.523 1.319v2.923h-.904l-.151-.592a1.617 1.617 0 0 1-.564.485c-.227.12-.495.179-.802.179-.267 0-.518-.054-.754-.161ZM27.555 30.41v-2.116h-.692v-.95h.692v-.772l1.1-.7v1.471h1.18v.951h-1.18v2.063c0 .442.175.663.523.663.16 0 .314-.062.461-.188l.497.852a1.494 1.494 0 0 1-.505.274c-.183.056-.37.085-.56.085-1.01 0-1.516-.544-1.516-1.632ZM31.223 31.738a2.128 2.128 0 0 1-.816-.848 2.552 2.552 0 0 1-.293-1.233c0-.46.097-.871.293-1.233.195-.361.466-.644.816-.847.349-.203.747-.305 1.197-.305 1.017 0 1.706.421 2.067 1.265l-1.003.457c-.23-.467-.585-.7-1.064-.7-.343 0-.627.126-.851.377-.225.251-.337.58-.337.986 0 .407.112.736.337.987.224.251.508.376.851.376.48 0 .834-.233 1.064-.699l1.003.458c-.36.843-1.05 1.264-2.067 1.264-.45 0-.848-.101-1.197-.305ZM35.013 25.622h1.1v2.448a1.655 1.655 0 0 1 1.437-.798c.484 0 .865.145 1.143.435.278.29.417.695.417 1.215v3.05h-1.1v-2.826c0-.275-.07-.485-.208-.632-.14-.147-.338-.22-.599-.22-.301 0-.558.136-.772.408-.213.272-.319.69-.319 1.251v2.018h-1.1v-6.35Z" fill="#fff"></path></svg></span><div data-testid="styled-info-message" class="base-components__BaseElement-sc-150pv2j-0 styled__StyledMessage-sc-1eaukok-0 iwUsaJ iAZKsl styled__InfoMessageWrapper-sc-xqtzo2-0 GfvES">Aldi Price Match</div></div></div></div></div></li><li data-testid="296920881" class="WL_DZ" data-auto-available="true"><div class="_ecrj"><div class="styled__StyledVerticalTile-sc-1r1v9f3-1 LihIl"><div class="woiNV"></div><div class="styled__StyledImageContainer-sc-t48uy4-0 bixZuE KZ_O1"><a class="styled__ImageContainer-sc-1fweb41-0 irjUEM" href="/groceries/en-GB/products/296920881" aria-hidden="true" tabindex="-1" data-testid="imageContainer_296920881" data-di-id="di-id-745e762e-26712152"><img alt="" aria-label="" orientation="vertical" src="https://digitalcontent.api.tesco.com/v2/media/ghs/f1ca8d2e-46d4-40dd-9316-466b82ccd628/d6afbf18-ce76-4279-a8ee-f394884040c5.jpeg?h=225&amp;w=225" loading="lazy" data-testid="imageElement_296920881" class="styled__StyledImage-sc-1fweb41-1 hCXoFX"></a></div><div class="styled__StyledTitleContainer-sc-t48uy4-1 hmpPZn"><h2 class="component__StyledHeading-sc-1t0ixqu-0 iDJPjF ddsweb-heading styled-sc-mz7xly-0 kXoSwE styled__StyledTitle-sc-1a6zg7t-0 etoGWB b_hC4 ddsweb-title-link__container"><a class="styled__Anchor-sc-1i711qa-0 gRXcDF ddsweb-title-link__link ddsweb-link__anchor" href="/groceries/en-GB/products/296920881" aria-label="Tesco 2 Boneless Salmon Fillets 260G" data-di-id="di-id-799bdb7e-50a70bef"><span class="styled__Text-sc-1i711qa-1 bsLJsh ddsweb-link__text">Tesco 2 Boneless Salmon Fillets 260G</span></a></h2></div><div class="zWmtM"><div class="styled__StyledNonInteractiveContainer-sc-1de15j6-7 klymXO ddsweb-rating__container" data-testid="star-rating" aria-label="Average customer rating 3.8 out of 5 stars"><svg class="ddsweb-rating__icon-active" aria-hidden="true" xmlns="http://www.w3.org/2000/svg" width="12" height="12" viewBox="0 0 12 12" fill="none" data-di-res-id="15bc8ac-34c52576" data-di-rand="1749971260962"><path fill="var(--ddsweb-theme-colors-tesco-blue, #00539f)" stroke="var(--ddsweb-theme-colors-grayscale, #666666)" d="M6.24228 9.51529L6 9.38108L5.75772 9.51529L2.9631 11.0633L3.50417 7.74036L3.54466 7.49166L3.36886 7.31115L1.03607 4.91585L4.23368 4.42624L4.49754 4.38584L4.61078 4.14411L6 1.17863L7.38922 4.14411L7.50246 4.38584L7.76632 4.42624L10.9639 4.91585L8.63114 7.31115L8.45534 7.49166L8.49583 7.74035L9.0369 11.0633L6.24228 9.51529Z"></path></svg><svg class="ddsweb-rating__icon-active" aria-hidden="true" xmlns="http://www.w3.org/2000/svg" width="12" height="12" viewBox="0 0 12 12" fill="none" data-di-res-id="2bba6b2a-a1f8552" data-di-rand="1749971260962"><path fill="var(--ddsweb-theme-colors-tesco-blue, #00539f)" stroke="var(--ddsweb-theme-colors-grayscale, #666666)" d="M6.24228 9.51529L6 9.38108L5.75772 9.51529L2.9631 11.0633L3.50417 7.74036L3.54466 7.49166L3.36886 7.31115L1.03607 4.91585L4.23368 4.42624L4.49754 4.38584L4.61078 4.14411L6 1.17863L7.38922 4.14411L7.50246 4.38584L7.76632 4.42624L10.9639 4.91585L8.63114 7.31115L8.45534 7.49166L8.49583 7.74035L9.0369 11.0633L6.24228 9.51529Z"></path></svg><svg class="ddsweb-rating__icon-active" aria-hidden="true" xmlns="http://www.w3.org/2000/svg" width="12" height="12" viewBox="0 0 12 12" fill="none" data-di-res-id="15bc8ac-77645071" data-di-rand="1749971260962"><path fill="var(--ddsweb-theme-colors-tesco-blue, #00539f)" stroke="var(--ddsweb-theme-colors-grayscale, #666666)" d="M6.24228 9.51529L6 9.38108L5.75772 9.51529L2.9631 11.0633L3.50417 7.74036L3.54466 7.49166L3.36886 7.31115L1.03607 4.91585L4.23368 4.42624L4.49754 4.38584L4.61078 4.14411L6 1.17863L7.38922 4.14411L7.50246 4.38584L7.76632 4.42624L10.9639 4.91585L8.63114 7.31115L8.45534 7.49166L8.49583 7.74035L9.0369 11.0633L6.24228 9.51529Z"></path></svg><svg class="ddsweb-rating__icon-half-active" aria-hidden="true" xmlns="http://www.w3.org/2000/svg" width="12" height="12" viewBox="0 0 12 12" fill="none" data-di-res-id="8fd3da49-daef7408" data-di-rand="1749971260962"><g clip-path="url(#clip0_1_2)"><path d="M6.24228 9.51529L6 9.38108L5.75772 9.51529L2.9631 11.0633L3.50417 7.74036L3.54466 7.49166L3.36886 7.31115L1.03607 4.91585L4.23368 4.42624L4.49754 4.38584L4.61078 4.14411L6 1.17863L7.38922 4.14411L7.50246 4.38584L7.76632 4.42624L10.9639 4.91585L8.63114 7.31115L8.45534 7.49166L8.49583 7.74036L9.0369 11.0633L6.24228 9.51529Z" fill="var(--ddsweb-theme-colors-tesco-blue, #00539f)"></path><path fill-rule="evenodd" clip-rule="evenodd" d="M6 9.95267V0L7.842 3.932L12 4.56867L8.98933 7.66L9.696 12L6 9.95267Z" fill="var(--ddsweb-theme-colors-white, #ffffff)"></path></g><path stroke="var(--ddsweb-theme-colors-grayscale, #666666)" d="M6.24228 9.51529L6 9.38108L5.75772 9.51529L2.9631 11.0633L3.50417 7.74036L3.54466 7.49166L3.36886 7.31115L1.03607 4.91585L4.23368 4.42624L4.49754 4.38584L4.61078 4.14411L6 1.17863L7.38922 4.14411L7.50246 4.38584L7.76632 4.42624L10.9639 4.91585L8.63114 7.31115L8.45534 7.49166L8.49583 7.74035L9.0369 11.0633L6.24228 9.51529Z"></path><defs><clipPath id="clip0_1_2"><rect width="12" height="12" fill="white"></rect></clipPath></defs></svg><svg class="ddsweb-rating__icon-inactive" aria-hidden="true" xmlns="http://www.w3.org/2000/svg" width="12" height="12" viewBox="0 0 12 12" fill="none" data-di-res-id="8fd3da49-d9f59393" data-di-rand="1749971260962"><path fill="var(--ddsweb-theme-colors-white, #ffffff)" stroke="var(--ddsweb-theme-colors-grayscale, #666666)" d="M6.24228 9.51529L6 9.38108L5.75772 9.51529L2.9631 11.0633L3.50417 7.74036L3.54466 7.49166L3.36886 7.31115L1.03607 4.91585L4.23368 4.42624L4.49754 4.38584L4.61078 4.14411L6 1.17863L7.38922 4.14411L7.50246 4.38584L7.76632 4.42624L10.9639 4.91585L8.63114 7.31115L8.45534 7.49166L8.49583 7.74035L9.0369 11.0633L6.24228 9.51529Z"></path></svg><p class="text__StyledText-sc-1jpzi8m-0 kiGrpI ddsweb-text styled__StyledHint-sc-1de15j6-8 MfAbW ddsweb-rating__hint">3.8 (328)</p></div></div><div class="styled__StyledVariationsContainer-sc-t48uy4-13 bDZUAH"></div><div class="styled__StyledDeliveryMessageContainer-sc-t48uy4-7 hhgAvL"></div><div class="styled__StyledDetailsContainer-sc-t48uy4-2 dMquZm" orientation="vertical"><a class="styled__Anchor-sc-1i711qa-0 lfiJmH styled__StyledLink-sc-k2gmo0-0 iktlRk ddsweb-link__anchor" href="/groceries/en-GB/reviews/submission/296920881" data-di-id="di-id-5538334c-1915ca75"><span class="styled__Text-sc-1i711qa-1 RIkWH ddsweb-link__text">Write a review</span><span class="styled__IconContainer-sc-1i711qa-2 femlOX ddsweb-link__icon-container"><svg aria-hidden="true" class="styled__SVG-sc-1fqfvah-1 iGyaMX ddsweb-link__icon ddsweb-icon__svg" height="10" preserveAspectRatio="xMinYMax meet" viewBox="-1 0 12 20" width="6" xmlns="http://www.w3.org/2000/svg" color="currentColor" data-di-res-id="15bc8ac-477ac296" data-di-rand="1749971260962"><path d="M1.312 1.348L10.276 10l-8.964 8.644" fill="none" stroke="currentColor"></path></svg></span></a><a class="styled__Anchor-sc-1i711qa-0 lfiJmH styled__StyledLink-sc-1ylrywh-0 joIFCQ ddsweb-link__anchor" href="/groceries/en-GB/shop/fresh-food/chilled-fish-and-seafood/salmon-and-trout/chilled-salmon-fillets" aria-label="Rest of shelf Chilled Salmon Fillets" data-di-id="di-id-f9475092-29454afd"><span class="styled__Text-sc-1i711qa-1 RIkWH ddsweb-link__text">Rest of shelf</span><span class="styled__IconContainer-sc-1i711qa-2 femlOX ddsweb-link__icon-container"><svg aria-hidden="true" class="styled__SVG-sc-1fqfvah-1 iGyaMX ddsweb-link__icon ddsweb-icon__svg" height="10" preserveAspectRatio="xMinYMax meet" viewBox="-1 0 12 20" width="6" xmlns="http://www.w3.org/2000/svg" color="currentColor" data-di-res-id="15bc8ac-1f7ac15a" data-di-rand="1749971260962"><path d="M1.312 1.348L10.276 10l-8.964 8.644" fill="none" stroke="currentColor"></path></svg></span></a></div><div class="styled__StyledPromotionsContainer-sc-t48uy4-4 iFrZAf"><div class="styled__PromotionsContainer-sc-nc07d4-3 hyzOdv"><div><div class="styled__StyledPromotionsWithClubcardPriceContainer-sc-dfqdes-0 cJAeJR"><a href="/groceries/en-GB/promotions/92876640" class="styled__Container-sc-1d7lp92-4 fgHTfg ddsweb-value-bar__container" data-di-id="di-id-b8fcb942-a65dfc67"><div class="styled__InnerContainer-sc-1d7lp92-5 fDFyTn ddsweb-value-bar__inner-container"><div class="styled__ClubcardPriceLogo-sc-1d7lp92-7 dCdODK ddsweb-value-bar__clubcard-logo"><svg role="img" width="56" height="56" fill="none" xmlns="http://www.w3.org/2000/svg" data-di-res-id="15bc8ac-6ad1fbb6" data-di-rand="1749971260962"><title>Clubcard Price</title><path d="M0 12C0 5.373 5.373 0 12 0h44v56H12C5.373 56 0 50.627 0 44V12Z" fill="#00539F"></path><path d="M10.315 27.08c-.6 0-1.157-.137-1.67-.41a3.185 3.185 0 0 1-1.24-1.23c-.313-.547-.47-1.193-.47-1.94 0-.747.157-1.39.47-1.93a3.097 3.097 0 0 1 1.24-1.23c.513-.28 1.07-.42 1.67-.42.727 0 1.344.17 1.85.51.514.34.874.827 1.08 1.46l-1.13.45a1.638 1.638 0 0 0-.64-.88c-.306-.227-.693-.34-1.16-.34-.373 0-.717.09-1.03.27a1.86 1.86 0 0 0-.75.8c-.187.353-.28.79-.28 1.31s.093.96.28 1.32c.187.353.437.62.75.8.313.173.657.26 1.03.26.467 0 .854-.11 1.16-.33.314-.22.527-.517.64-.89l1.13.45c-.206.633-.566 1.12-1.08 1.46-.506.34-1.123.51-1.85.51Zm5.153-.08h-1.24v-7.08h1.24V27Zm5.927 0h-1.24v-.81c-.174.28-.397.5-.67.66-.274.153-.577.23-.91.23-.547 0-.974-.163-1.28-.49-.3-.327-.45-.777-.45-1.35v-3.4h1.24v3.1c0 .667.29 1 .87 1 .38 0 .673-.163.88-.49.213-.333.32-.787.32-1.36v-2.25h1.24V27Zm4.156.08a1.99 1.99 0 0 1-.9-.19 1.503 1.503 0 0 1-.58-.51V27h-1.24v-7.08h1.24v2.55c.167-.22.38-.393.64-.52s.55-.19.87-.19c.44 0 .83.113 1.17.34.34.227.604.543.79.95.194.4.29.857.29 1.37 0 .507-.103.963-.31 1.37-.2.4-.473.717-.82.95-.346.227-.73.34-1.15.34Zm-.28-1.14c.367 0 .67-.137.91-.41.247-.273.37-.643.37-1.11 0-.467-.123-.837-.37-1.11a1.159 1.159 0 0 0-.91-.41 1.19 1.19 0 0 0-.92.41c-.24.273-.36.643-.36 1.11 0 .467.12.837.36 1.11.247.273.554.41.92.41Zm6.08 1.14c-.507 0-.957-.113-1.35-.34-.394-.227-.7-.54-.92-.94a2.853 2.853 0 0 1-.33-1.38c0-.513.11-.97.33-1.37.22-.407.526-.723.92-.95.393-.227.843-.34 1.35-.34 1.146 0 1.923.47 2.33 1.41l-1.13.51c-.26-.52-.66-.78-1.2-.78-.387 0-.707.14-.96.42-.254.28-.38.647-.38 1.1 0 .453.126.82.38 1.1.253.28.573.42.96.42.54 0 .94-.26 1.2-.78l1.13.51c-.407.94-1.184 1.41-2.33 1.41Zm4.666 0c-.3 0-.583-.06-.85-.18a1.538 1.538 0 0 1-.64-.52c-.16-.233-.24-.51-.24-.83 0-.507.19-.913.57-1.22.38-.313.894-.47 1.54-.47h1.11v-.18c0-.26-.09-.467-.27-.62-.18-.16-.423-.24-.73-.24-.246 0-.47.067-.67.2-.2.127-.35.277-.45.45l-.95-.57c.18-.327.447-.597.8-.81.354-.22.777-.33 1.27-.33.707 0 1.257.17 1.65.51.394.34.59.83.59 1.47V27h-1.02l-.17-.66c-.166.227-.38.407-.64.54-.253.133-.553.2-.9.2Zm.3-1.06c.334 0 .614-.1.84-.3.234-.2.35-.447.35-.74v-.14h-.98c-.286 0-.516.057-.69.17a.506.506 0 0 0-.25.45c0 .18.06.32.18.42.127.093.31.14.55.14Zm3.653-4.18h1.24v.78c.147-.28.353-.493.62-.64.267-.147.563-.22.89-.22.34 0 .607.077.8.23l-.42 1.05a1.144 1.144 0 0 0-.55-.14c-.387 0-.707.167-.96.5-.253.333-.38.847-.38 1.54V27h-1.24v-5.16ZM46 27.08c-.42 0-.803-.113-1.15-.34a2.337 2.337 0 0 1-.82-.95 3.15 3.15 0 0 1-.29-1.37c0-.513.094-.97.28-1.37.194-.407.46-.723.8-.95.34-.227.73-.34 1.17-.34.347 0 .65.063.91.19.26.12.46.293.6.52v-2.55h1.24V27H47.5v-.62a1.676 1.676 0 0 1-.6.51 1.99 1.99 0 0 1-.9.19Zm.3-1.14c.367 0 .67-.137.91-.41.248-.273.37-.643.37-1.11 0-.467-.122-.837-.37-1.11a1.159 1.159 0 0 0-.91-.41c-.366 0-.672.137-.92.41-.24.273-.36.643-.36 1.11 0 .467.12.837.36 1.11.247.273.554.41.92.41ZM17.957 37h-1.3v-7h2.57c.467 0 .87.097 1.21.29.34.187.6.447.78.78.18.327.27.693.27 1.1 0 .407-.09.777-.27 1.11-.18.327-.44.587-.78.78-.34.187-.743.28-1.21.28h-1.27V37Zm1.17-3.86c.32 0 .574-.08.76-.24.187-.167.28-.41.28-.73s-.093-.56-.28-.72c-.186-.167-.44-.25-.76-.25h-1.17v1.94h1.17Zm3.359-1.3h1.24v.78c.146-.28.353-.493.62-.64.266-.147.563-.22.89-.22.34 0 .606.077.8.23l-.42 1.05a1.144 1.144 0 0 0-.55-.14c-.387 0-.707.167-.96.5-.254.333-.38.847-.38 1.54V37h-1.24v-5.16Zm4.187-1.34c0-.227.076-.417.23-.57a.774.774 0 0 1 .57-.23c.226 0 .416.077.57.23.153.153.23.343.23.57a.774.774 0 0 1-.23.57.774.774 0 0 1-.57.23.774.774 0 0 1-.57-.23.774.774 0 0 1-.23-.57Zm1.42 6.5h-1.24v-5.16h1.24V37Zm3.723.08c-.507 0-.957-.113-1.35-.34-.394-.227-.7-.54-.92-.94a2.853 2.853 0 0 1-.33-1.38c0-.513.11-.97.33-1.37.22-.407.526-.723.92-.95.393-.227.843-.34 1.35-.34 1.146 0 1.923.47 2.33 1.41l-1.13.51c-.26-.52-.66-.78-1.2-.78-.387 0-.707.14-.96.42-.254.28-.38.647-.38 1.1 0 .453.126.82.38 1.1.253.28.573.42.96.42.54 0 .94-.26 1.2-.78l1.13.51c-.407.94-1.184 1.41-2.33 1.41Zm8.026-2.26h-3.81c.067.38.224.67.47.87.247.193.547.29.9.29.294 0 .537-.06.73-.18.2-.127.39-.317.57-.57l1.05.57c-.253.413-.576.73-.97.95-.386.22-.87.33-1.45.33-.546 0-1.016-.127-1.41-.38a2.463 2.463 0 0 1-.87-1 2.945 2.945 0 0 1-.29-1.28c0-.447.1-.873.3-1.28.207-.407.504-.737.89-.99.387-.26.844-.39 1.37-.39.534 0 .99.12 1.37.36.38.24.667.557.86.95.194.387.29.8.29 1.24v.51Zm-1.27-.98a1.134 1.134 0 0 0-.41-.72c-.22-.187-.5-.28-.84-.28-.286 0-.543.09-.77.27a1.333 1.333 0 0 0-.47.73h2.49Z" fill="#fff"></path></svg></div><div class="styled__ContentContainer-sc-1d7lp92-8 dVbxyj ddsweb-value-bar__content-container"><p title="£4.00 Clubcard Price" class="text__StyledText-sc-1jpzi8m-0 gljcji ddsweb-text styled__ContentText-sc-1d7lp92-9 ijspZf ddsweb-value-bar__content-text">£4.00 Clubcard Price</p><p class="text__StyledText-sc-1jpzi8m-0 ggFawa ddsweb-text styled__SubText-sc-1d7lp92-11 jGBCCZ ddsweb-value-bar__content-subtext">(£15.38/kg)</p></div><div class="styled__IconContainer-sc-1d7lp92-12 gA-DXsl ddsweb-value-bar__icon-container"><svg xmlns="http://www.w3.org/2000/svg" width="16" height="16" fill="none" aria-hidden="true" data-di-res-id="15bc8ac-59140a78" data-di-rand="1749971260962"><path d="M4.354 2.771 9.77 8l-5.417 5.223 1.04 1.08L11.932 8 5.395 1.692l-1.041 1.08Z" fill="#00539F"></path></svg></div></div><p class="text__StyledText-sc-1jpzi8m-0 ggFawa ddsweb-text styled__TermsText-sc-1d7lp92-10 dCWOwo ddsweb-value-bar__terms">Offer valid for delivery from 11/06/2025 until 01/07/2025</p></a></div></div></div></div><div class="styled__StyledBuyBoxContainer-sc-t48uy4-3 jYiGsR SYzVz" orientation="vertical"><div class="base-components__RootElement-sc-150pv2j-1 styled__Container-sc-159tobh-0 gUUOsR cyGXML gmbSL ddsweb-buybox__container"><div class="base-components__BaseElement-sc-150pv2j-0 styled__PriceAndActions-sc-159tobh-3 iwUsaJ hyWgI ddsweb-buybox__price-and-actions"><div class="styled__StyledPriceContainer-sc-159tobh-5 kpODmQ"><div class="base-components__RootElement-sc-150pv2j-1 styled__Container-sc-v0qv7n-0 gUUOsR dECJWY ddsweb-buybox__price ddsweb-price__container"><p class="text__StyledText-sc-1jpzi8m-0 gyHOWz ddsweb-text styled__PriceText-sc-v0qv7n-1 cXlRF">£4.20</p><p class="text__StyledText-sc-1jpzi8m-0 kiGrpI ddsweb-text styled__Subtext-sc-v0qv7n-2 kLkheV ddsweb-price__subtext">£16.15/kg</p></div></div><div class="base-components__RootElement-sc-150pv2j-1 styled__Container-sc-195yncy-0 gUUOsR fGLoHO ddsweb-buybox__actions ddsweb-quantity-controls__container"><div class="base-components__RootElement-sc-150pv2j-1 styled__Container-sc-1rbigln-0 gUUOsR jjKXIy styled__StyledFormGroup-sc-195yncy-1 ldxiiI ddsweb-quantity-controls__form-group ddsweb-form-group__container"><label class="styled__StyledLabel-sc-1bpek9-0 CsZQe styled__StyledLabel-sc-1rbigln-2 eaqwEU ddsweb-form-group__label ddsweb-label" for="quantity-controls-296920881">Quantity controls, undefined</label><div class="base-components__BaseElement-sc-150pv2j-0 styled__Children-sc-1rbigln-5 iwUsaJ csugvD ddsweb-form-group__children"><div class="styled__StyledQuantityControlWrapper-sc-195yncy-6 lbTVkV"><label id="quantity-controls-296920881-label" class="styled__VisuallyHiddenLabel-sc-195yncy-7 bflMtB">Quantity of Tesco 2 Boneless Salmon Fillets 260G</label><div class="component__Wrapper-sc-19wd3h0-3 kiZcNf input-wrapper"><input class="base-components__RootElement-sc-150pv2j-1 styled__StyledInput-sc-7h0jvk-0 component__StyledAsInput-sc-19wd3h0-4 gUUOsR hlAFFt styled__StyledInput-sc-195yncy-3 jPiMHf ddsweb-quantity-controls__input ddsweb-input" data-auto="ddsweb-quantity-controls-input" autocomplete="off" id="quantity-controls-296920881" maxlength="2" type="number" aria-labelledby="quantity-controls-296920881-label" value="1" data-di-id="#quantity-controls-296920881"></div></div><button class="styled__StyledTextButton-sc-8hxn3m-0 bjIvKR styled__StyledButton-sc-195yncy-5 jUbPrY ddsweb-quantity-controls__add-button ddsweb-button ddsweb-button--text-button" type="submit" data-auto="ddsweb-quantity-controls-add-button" aria-label="add 1 Tesco 2 Boneless Salmon Fillets 260G" data-di-id="di-id-21e0a446-b8a340a6"><span class="shared-containers__StyledInnerContainer-sc-93ev6e-2 gplLQL ddsweb-button__inner-container">Add</span></button></div></div></div></div></div></div><div class="styled__StyledMessagingContainer-sc-t48uy4-5 jHhxvV" orientation="vertical"></div></div></div></li><li data-testid="303391602" class="WL_DZ" data-auto-available="true"><div class="_ecrj"><div class="styled__StyledVerticalTile-sc-1r1v9f3-1 LihIl"><div class="woiNV"></div><div class="styled__StyledImageContainer-sc-t48uy4-0 bixZuE KZ_O1"><a class="styled__ImageContainer-sc-1fweb41-0 irjUEM" href="/groceries/en-GB/products/303391602" aria-hidden="true" tabindex="-1" data-testid="imageContainer_303391602" data-di-id="di-id-745e762e-71242357"><img alt="" aria-label="" orientation="vertical" src="https://digitalcontent.api.tesco.com/v2/media/ghs/21c044c7-9135-4634-807d-20d79bbdec73/ccec4b38-616d-46e8-a51e-825111987696.jpeg?h=225&amp;w=225" loading="lazy" data-testid="imageElement_303391602" class="styled__StyledImage-sc-1fweb41-1 hCXoFX"></a></div><div class="styled__StyledTitleContainer-sc-t48uy4-1 hmpPZn"><h2 class="component__StyledHeading-sc-1t0ixqu-0 iDJPjF ddsweb-heading styled-sc-mz7xly-0 kXoSwE styled__StyledTitle-sc-1a6zg7t-0 etoGWB b_hC4 ddsweb-title-link__container"><a class="styled__Anchor-sc-1i711qa-0 gRXcDF ddsweb-title-link__link ddsweb-link__anchor" href="/groceries/en-GB/products/303391602" aria-label="Youngs Chip Shop 4 Omega 3 Fish Fillets" data-di-id="di-id-799bdb7e-7f209ea"><span class="styled__Text-sc-1i711qa-1 bsLJsh ddsweb-link__text">Youngs Chip Shop 4 Omega 3 Fish Fillets</span></a></h2></div><div class="zWmtM"><div class="styled__StyledNonInteractiveContainer-sc-1de15j6-7 klymXO ddsweb-rating__container" data-testid="star-rating" aria-label="Average customer rating 2.5 out of 5 stars"><svg class="ddsweb-rating__icon-active" aria-hidden="true" xmlns="http://www.w3.org/2000/svg" width="12" height="12" viewBox="0 0 12 12" fill="none" data-di-res-id="15bc8ac-2427b216" data-di-rand="1749971260962"><path fill="var(--ddsweb-theme-colors-tesco-blue, #00539f)" stroke="var(--ddsweb-theme-colors-grayscale, #666666)" d="M6.24228 9.51529L6 9.38108L5.75772 9.51529L2.9631 11.0633L3.50417 7.74036L3.54466 7.49166L3.36886 7.31115L1.03607 4.91585L4.23368 4.42624L4.49754 4.38584L4.61078 4.14411L6 1.17863L7.38922 4.14411L7.50246 4.38584L7.76632 4.42624L10.9639 4.91585L8.63114 7.31115L8.45534 7.49166L8.49583 7.74035L9.0369 11.0633L6.24228 9.51529Z"></path></svg><svg class="ddsweb-rating__icon-active" aria-hidden="true" xmlns="http://www.w3.org/2000/svg" width="12" height="12" viewBox="0 0 12 12" fill="none" data-di-res-id="15bc8ac-62a64e80" data-di-rand="1749971260962"><path fill="var(--ddsweb-theme-colors-tesco-blue, #00539f)" stroke="var(--ddsweb-theme-colors-grayscale, #666666)" d="M6.24228 9.51529L6 9.38108L5.75772 9.51529L2.9631 11.0633L3.50417 7.74036L3.54466 7.49166L3.36886 7.31115L1.03607 4.91585L4.23368 4.42624L4.49754 4.38584L4.61078 4.14411L6 1.17863L7.38922 4.14411L7.50246 4.38584L7.76632 4.42624L10.9639 4.91585L8.63114 7.31115L8.45534 7.49166L8.49583 7.74035L9.0369 11.0633L6.24228 9.51529Z"></path></svg><svg class="ddsweb-rating__icon-half-active" aria-hidden="true" xmlns="http://www.w3.org/2000/svg" width="12" height="12" viewBox="0 0 12 12" fill="none" data-di-res-id="15bc8ac-bdfa788" data-di-rand="1749971260962"><g clip-path="url(#clip0_1_2)"><path d="M6.24228 9.51529L6 9.38108L5.75772 9.51529L2.9631 11.0633L3.50417 7.74036L3.54466 7.49166L3.36886 7.31115L1.03607 4.91585L4.23368 4.42624L4.49754 4.38584L4.61078 4.14411L6 1.17863L7.38922 4.14411L7.50246 4.38584L7.76632 4.42624L10.9639 4.91585L8.63114 7.31115L8.45534 7.49166L8.49583 7.74036L9.0369 11.0633L6.24228 9.51529Z" fill="var(--ddsweb-theme-colors-tesco-blue, #00539f)"></path><path fill-rule="evenodd" clip-rule="evenodd" d="M6 9.95267V0L7.842 3.932L12 4.56867L8.98933 7.66L9.696 12L6 9.95267Z" fill="var(--ddsweb-theme-colors-white, #ffffff)"></path></g><path stroke="var(--ddsweb-theme-colors-grayscale, #666666)" d="M6.24228 9.51529L6 9.38108L5.75772 9.51529L2.9631 11.0633L3.50417 7.74036L3.54466 7.49166L3.36886 7.31115L1.03607 4.91585L4.23368 4.42624L4.49754 4.38584L4.61078 4.14411L6 1.17863L7.38922 4.14411L7.50246 4.38584L7.76632 4.42624L10.9639 4.91585L8.63114 7.31115L8.45534 7.49166L8.49583 7.74035L9.0369 11.0633L6.24228 9.51529Z"></path><defs><clipPath id="clip0_1_2"><rect width="12" height="12" fill="white"></rect></clipPath></defs></svg><svg class="ddsweb-rating__icon-inactive" aria-hidden="true" xmlns="http://www.w3.org/2000/svg" width="12" height="12" viewBox="0 0 12 12" fill="none" data-di-res-id="15bc8ac-8ea0850d" data-di-rand="1749971260962"><path fill="var(--ddsweb-theme-colors-white, #ffffff)" stroke="var(--ddsweb-theme-colors-grayscale, #666666)" d="M6.24228 9.51529L6 9.38108L5.75772 9.51529L2.9631 11.0633L3.50417 7.74036L3.54466 7.49166L3.36886 7.31115L1.03607 4.91585L4.23368 4.42624L4.49754 4.38584L4.61078 4.14411L6 1.17863L7.38922 4.14411L7.50246 4.38584L7.76632 4.42624L10.9639 4.91585L8.63114 7.31115L8.45534 7.49166L8.49583 7.74035L9.0369 11.0633L6.24228 9.51529Z"></path></svg><svg class="ddsweb-rating__icon-inactive" aria-hidden="true" xmlns="http://www.w3.org/2000/svg" width="12" height="12" viewBox="0 0 12 12" fill="none" data-di-res-id="b9e7afc9-2fc6a6d3" data-di-rand="1749971260963"><path fill="var(--ddsweb-theme-colors-white, #ffffff)" stroke="var(--ddsweb-theme-colors-grayscale, #666666)" d="M6.24228 9.51529L6 9.38108L5.75772 9.51529L2.9631 11.0633L3.50417 7.74036L3.54466 7.49166L3.36886 7.31115L1.03607 4.91585L4.23368 4.42624L4.49754 4.38584L4.61078 4.14411L6 1.17863L7.38922 4.14411L7.50246 4.38584L7.76632 4.42624L10.9639 4.91585L8.63114 7.31115L8.45534 7.49166L8.49583 7.74035L9.0369 11.0633L6.24228 9.51529Z"></path></svg><p class="text__StyledText-sc-1jpzi8m-0 kiGrpI ddsweb-text styled__StyledHint-sc-1de15j6-8 MfAbW ddsweb-rating__hint">2.5 (23)</p></div></div><div class="styled__StyledVariationsContainer-sc-t48uy4-13 bDZUAH"></div><div class="styled__StyledDeliveryMessageContainer-sc-t48uy4-7 hhgAvL"></div><div class="styled__StyledDetailsContainer-sc-t48uy4-2 dMquZm" orientation="vertical"><a class="styled__Anchor-sc-1i711qa-0 lfiJmH styled__StyledLink-sc-k2gmo0-0 iktlRk ddsweb-link__anchor" href="/groceries/en-GB/reviews/submission/303391602" data-di-id="di-id-5538334c-4e40c870"><span class="styled__Text-sc-1i711qa-1 RIkWH ddsweb-link__text">Write a review</span><span class="styled__IconContainer-sc-1i711qa-2 femlOX ddsweb-link__icon-container"><svg aria-hidden="true" class="styled__SVG-sc-1fqfvah-1 iGyaMX ddsweb-link__icon ddsweb-icon__svg" height="10" preserveAspectRatio="xMinYMax meet" viewBox="-1 0 12 20" width="6" xmlns="http://www.w3.org/2000/svg" color="currentColor" data-di-res-id="b9e7afc9-ab0491eb" data-di-rand="1749971260963"><path d="M1.312 1.348L10.276 10l-8.964 8.644" fill="none" stroke="currentColor"></path></svg></span></a><a class="styled__Anchor-sc-1i711qa-0 lfiJmH styled__StyledLink-sc-1ylrywh-0 joIFCQ ddsweb-link__anchor" href="/groceries/en-GB/shop/frozen-food/fish-and-seafood/coated-fish/frozen-battered-fish" aria-label="Rest of shelf Frozen Battered Fish" data-di-id="di-id-fb7c9ed8-fee75150"><span class="styled__Text-sc-1i711qa-1 RIkWH ddsweb-link__text">Rest of shelf</span><span class="styled__IconContainer-sc-1i711qa-2 femlOX ddsweb-link__icon-container"><svg aria-hidden="true" class="styled__SVG-sc-1fqfvah-1 iGyaMX ddsweb-link__icon ddsweb-icon__svg" height="10" preserveAspectRatio="xMinYMax meet" viewBox="-1 0 12 20" width="6" xmlns="http://www.w3.org/2000/svg" color="currentColor" data-di-res-id="b9e7afc9-2b5c0380" data-di-rand="1749971260963"><path d="M1.312 1.348L10.276 10l-8.964 8.644" fill="none" stroke="currentColor"></path></svg></span></a></div><div class="styled__StyledPromotionsContainer-sc-t48uy4-4 iFrZAf"><div class="styled__PromotionsContainer-sc-nc07d4-3 hyzOdv"><div><div class="styled__StyledPromotionsWithClubcardPriceContainer-sc-dfqdes-0 cJAeJR"><a href="/groceries/en-GB/promotions/92824495" class="styled__Container-sc-1d7lp92-4 fgHTfg ddsweb-value-bar__container" data-di-id="di-id-b8fcb942-37cc3b9d"><div class="styled__InnerContainer-sc-1d7lp92-5 fDFyTn ddsweb-value-bar__inner-container"><div class="styled__ClubcardPriceLogo-sc-1d7lp92-7 dCdODK ddsweb-value-bar__clubcard-logo"><svg role="img" width="56" height="56" fill="none" xmlns="http://www.w3.org/2000/svg" data-di-res-id="8e11b07e-11e52459" data-di-rand="1749971260963"><title>Clubcard Price</title><path d="M0 12C0 5.373 5.373 0 12 0h44v56H12C5.373 56 0 50.627 0 44V12Z" fill="#00539F"></path><path d="M10.315 27.08c-.6 0-1.157-.137-1.67-.41a3.185 3.185 0 0 1-1.24-1.23c-.313-.547-.47-1.193-.47-1.94 0-.747.157-1.39.47-1.93a3.097 3.097 0 0 1 1.24-1.23c.513-.28 1.07-.42 1.67-.42.727 0 1.344.17 1.85.51.514.34.874.827 1.08 1.46l-1.13.45a1.638 1.638 0 0 0-.64-.88c-.306-.227-.693-.34-1.16-.34-.373 0-.717.09-1.03.27a1.86 1.86 0 0 0-.75.8c-.187.353-.28.79-.28 1.31s.093.96.28 1.32c.187.353.437.62.75.8.313.173.657.26 1.03.26.467 0 .854-.11 1.16-.33.314-.22.527-.517.64-.89l1.13.45c-.206.633-.566 1.12-1.08 1.46-.506.34-1.123.51-1.85.51Zm5.153-.08h-1.24v-7.08h1.24V27Zm5.927 0h-1.24v-.81c-.174.28-.397.5-.67.66-.274.153-.577.23-.91.23-.547 0-.974-.163-1.28-.49-.3-.327-.45-.777-.45-1.35v-3.4h1.24v3.1c0 .667.29 1 .87 1 .38 0 .673-.163.88-.49.213-.333.32-.787.32-1.36v-2.25h1.24V27Zm4.156.08a1.99 1.99 0 0 1-.9-.19 1.503 1.503 0 0 1-.58-.51V27h-1.24v-7.08h1.24v2.55c.167-.22.38-.393.64-.52s.55-.19.87-.19c.44 0 .83.113 1.17.34.34.227.604.543.79.95.194.4.29.857.29 1.37 0 .507-.103.963-.31 1.37-.2.4-.473.717-.82.95-.346.227-.73.34-1.15.34Zm-.28-1.14c.367 0 .67-.137.91-.41.247-.273.37-.643.37-1.11 0-.467-.123-.837-.37-1.11a1.159 1.159 0 0 0-.91-.41 1.19 1.19 0 0 0-.92.41c-.24.273-.36.643-.36 1.11 0 .467.12.837.36 1.11.247.273.554.41.92.41Zm6.08 1.14c-.507 0-.957-.113-1.35-.34-.394-.227-.7-.54-.92-.94a2.853 2.853 0 0 1-.33-1.38c0-.513.11-.97.33-1.37.22-.407.526-.723.92-.95.393-.227.843-.34 1.35-.34 1.146 0 1.923.47 2.33 1.41l-1.13.51c-.26-.52-.66-.78-1.2-.78-.387 0-.707.14-.96.42-.254.28-.38.647-.38 1.1 0 .453.126.82.38 1.1.253.28.573.42.96.42.54 0 .94-.26 1.2-.78l1.13.51c-.407.94-1.184 1.41-2.33 1.41Zm4.666 0c-.3 0-.583-.06-.85-.18a1.538 1.538 0 0 1-.64-.52c-.16-.233-.24-.51-.24-.83 0-.507.19-.913.57-1.22.38-.313.894-.47 1.54-.47h1.11v-.18c0-.26-.09-.467-.27-.62-.18-.16-.423-.24-.73-.24-.246 0-.47.067-.67.2-.2.127-.35.277-.45.45l-.95-.57c.18-.327.447-.597.8-.81.354-.22.777-.33 1.27-.33.707 0 1.257.17 1.65.51.394.34.59.83.59 1.47V27h-1.02l-.17-.66c-.166.227-.38.407-.64.54-.253.133-.553.2-.9.2Zm.3-1.06c.334 0 .614-.1.84-.3.234-.2.35-.447.35-.74v-.14h-.98c-.286 0-.516.057-.69.17a.506.506 0 0 0-.25.45c0 .18.06.32.18.42.127.093.31.14.55.14Zm3.653-4.18h1.24v.78c.147-.28.353-.493.62-.64.267-.147.563-.22.89-.22.34 0 .607.077.8.23l-.42 1.05a1.144 1.144 0 0 0-.55-.14c-.387 0-.707.167-.96.5-.253.333-.38.847-.38 1.54V27h-1.24v-5.16ZM46 27.08c-.42 0-.803-.113-1.15-.34a2.337 2.337 0 0 1-.82-.95 3.15 3.15 0 0 1-.29-1.37c0-.513.094-.97.28-1.37.194-.407.46-.723.8-.95.34-.227.73-.34 1.17-.34.347 0 .65.063.91.19.26.12.46.293.6.52v-2.55h1.24V27H47.5v-.62a1.676 1.676 0 0 1-.6.51 1.99 1.99 0 0 1-.9.19Zm.3-1.14c.367 0 .67-.137.91-.41.248-.273.37-.643.37-1.11 0-.467-.122-.837-.37-1.11a1.159 1.159 0 0 0-.91-.41c-.366 0-.672.137-.92.41-.24.273-.36.643-.36 1.11 0 .467.12.837.36 1.11.247.273.554.41.92.41ZM17.957 37h-1.3v-7h2.57c.467 0 .87.097 1.21.29.34.187.6.447.78.78.18.327.27.693.27 1.1 0 .407-.09.777-.27 1.11-.18.327-.44.587-.78.78-.34.187-.743.28-1.21.28h-1.27V37Zm1.17-3.86c.32 0 .574-.08.76-.24.187-.167.28-.41.28-.73s-.093-.56-.28-.72c-.186-.167-.44-.25-.76-.25h-1.17v1.94h1.17Zm3.359-1.3h1.24v.78c.146-.28.353-.493.62-.64.266-.147.563-.22.89-.22.34 0 .606.077.8.23l-.42 1.05a1.144 1.144 0 0 0-.55-.14c-.387 0-.707.167-.96.5-.254.333-.38.847-.38 1.54V37h-1.24v-5.16Zm4.187-1.34c0-.227.076-.417.23-.57a.774.774 0 0 1 .57-.23c.226 0 .416.077.57.23.153.153.23.343.23.57a.774.774 0 0 1-.23.57.774.774 0 0 1-.57.23.774.774 0 0 1-.57-.23.774.774 0 0 1-.23-.57Zm1.42 6.5h-1.24v-5.16h1.24V37Zm3.723.08c-.507 0-.957-.113-1.35-.34-.394-.227-.7-.54-.92-.94a2.853 2.853 0 0 1-.33-1.38c0-.513.11-.97.33-1.37.22-.407.526-.723.92-.95.393-.227.843-.34 1.35-.34 1.146 0 1.923.47 2.33 1.41l-1.13.51c-.26-.52-.66-.78-1.2-.78-.387 0-.707.14-.96.42-.254.28-.38.647-.38 1.1 0 .453.126.82.38 1.1.253.28.573.42.96.42.54 0 .94-.26 1.2-.78l1.13.51c-.407.94-1.184 1.41-2.33 1.41Zm8.026-2.26h-3.81c.067.38.224.67.47.87.247.193.547.29.9.29.294 0 .537-.06.73-.18.2-.127.39-.317.57-.57l1.05.57c-.253.413-.576.73-.97.95-.386.22-.87.33-1.45.33-.546 0-1.016-.127-1.41-.38a2.463 2.463 0 0 1-.87-1 2.945 2.945 0 0 1-.29-1.28c0-.447.1-.873.3-1.28.207-.407.504-.737.89-.99.387-.26.844-.39 1.37-.39.534 0 .99.12 1.37.36.38.24.667.557.86.95.194.387.29.8.29 1.24v.51Zm-1.27-.98a1.134 1.134 0 0 0-.41-.72c-.22-.187-.5-.28-.84-.28-.286 0-.543.09-.77.27a1.333 1.333 0 0 0-.47.73h2.49Z" fill="#fff"></path></svg></div><div class="styled__ContentContainer-sc-1d7lp92-8 dVbxyj ddsweb-value-bar__content-container"><p title="£2.60 Clubcard Price" class="text__StyledText-sc-1jpzi8m-0 gljcji ddsweb-text styled__ContentText-sc-1d7lp92-9 ijspZf ddsweb-value-bar__content-text">£2.60 Clubcard Price</p><p class="text__StyledText-sc-1jpzi8m-0 ggFawa ddsweb-text styled__SubText-sc-1d7lp92-11 jGBCCZ ddsweb-value-bar__content-subtext">(£6.50/kg)</p></div><div class="styled__IconContainer-sc-1d7lp92-12 gA-DXsl ddsweb-value-bar__icon-container"><svg xmlns="http://www.w3.org/2000/svg" width="16" height="16" fill="none" aria-hidden="true" data-di-res-id="b9e7afc9-d98f468e" data-di-rand="1749971260963"><path d="M4.354 2.771 9.77 8l-5.417 5.223 1.04 1.08L11.932 8 5.395 1.692l-1.041 1.08Z" fill="#00539F"></path></svg></div></div><p class="text__StyledText-sc-1jpzi8m-0 ggFawa ddsweb-text styled__TermsText-sc-1d7lp92-10 dCWOwo ddsweb-value-bar__terms">Offer valid for delivery from 03/06/2025 until 23/06/2025</p></a></div></div></div></div><div class="styled__StyledBuyBoxContainer-sc-t48uy4-3 jYiGsR SYzVz" orientation="vertical"><div class="base-components__RootElement-sc-150pv2j-1 styled__Container-sc-159tobh-0 gUUOsR cyGXML gmbSL ddsweb-buybox__container"><div class="base-components__BaseElement-sc-150pv2j-0 styled__PriceAndActions-sc-159tobh-3 iwUsaJ hyWgI ddsweb-buybox__price-and-actions"><div class="styled__StyledPriceContainer-sc-159tobh-5 kpODmQ"><div class="base-components__RootElement-sc-150pv2j-1 styled__Container-sc-v0qv7n-0 gUUOsR dECJWY ddsweb-buybox__price ddsweb-price__container"><p class="text__StyledText-sc-1jpzi8m-0 gyHOWz ddsweb-text styled__PriceText-sc-v0qv7n-1 cXlRF">£4.25</p><p class="text__StyledText-sc-1jpzi8m-0 kiGrpI ddsweb-text styled__Subtext-sc-v0qv7n-2 kLkheV ddsweb-price__subtext">£10.62/kg</p></div></div><div class="base-components__RootElement-sc-150pv2j-1 styled__Container-sc-195yncy-0 gUUOsR fGLoHO ddsweb-buybox__actions ddsweb-quantity-controls__container"><div class="base-components__RootElement-sc-150pv2j-1 styled__Container-sc-1rbigln-0 gUUOsR jjKXIy styled__StyledFormGroup-sc-195yncy-1 ldxiiI ddsweb-quantity-controls__form-group ddsweb-form-group__container"><label class="styled__StyledLabel-sc-1bpek9-0 CsZQe styled__StyledLabel-sc-1rbigln-2 eaqwEU ddsweb-form-group__label ddsweb-label" for="quantity-controls-303391602">Quantity controls, undefined</label><div class="base-components__BaseElement-sc-150pv2j-0 styled__Children-sc-1rbigln-5 iwUsaJ csugvD ddsweb-form-group__children"><div class="styled__StyledQuantityControlWrapper-sc-195yncy-6 lbTVkV"><label id="quantity-controls-303391602-label" class="styled__VisuallyHiddenLabel-sc-195yncy-7 bflMtB">Quantity of Youngs Chip Shop 4 Omega 3 Fish Fillets</label><div class="component__Wrapper-sc-19wd3h0-3 kiZcNf input-wrapper"><input class="base-components__RootElement-sc-150pv2j-1 styled__StyledInput-sc-7h0jvk-0 component__StyledAsInput-sc-19wd3h0-4 gUUOsR hlAFFt styled__StyledInput-sc-195yncy-3 jPiMHf ddsweb-quantity-controls__input ddsweb-input" data-auto="ddsweb-quantity-controls-input" autocomplete="off" id="quantity-controls-303391602" maxlength="2" type="number" aria-labelledby="quantity-controls-303391602-label" value="1" data-di-id="#quantity-controls-303391602"></div></div><button class="styled__StyledTextButton-sc-8hxn3m-0 bjIvKR styled__StyledButton-sc-195yncy-5 jUbPrY ddsweb-quantity-controls__add-button ddsweb-button ddsweb-button--text-button" type="submit" data-auto="ddsweb-quantity-controls-add-button" aria-label="add 1 Youngs Chip Shop 4 Omega 3 Fish Fillets" data-di-id="di-id-21e0a446-cfa47030"><span class="shared-containers__StyledInnerContainer-sc-93ev6e-2 gplLQL ddsweb-button__inner-container">Add</span></button></div></div></div></div></div></div><div class="styled__StyledMessagingContainer-sc-t48uy4-5 jHhxvV" orientation="vertical"></div></div></div></li><li data-testid="305731768" class="WL_DZ" data-auto-available="true"><div class="_ecrj"><div class="styled__StyledVerticalTile-sc-1r1v9f3-1 LihIl"><div class="woiNV"></div><div class="styled__StyledImageContainer-sc-t48uy4-0 bixZuE KZ_O1"><a class="styled__ImageContainer-sc-1fweb41-0 irjUEM" href="/groceries/en-GB/products/305731768" aria-hidden="true" tabindex="-1" data-testid="imageContainer_305731768" data-di-id="di-id-745e762e-3798f8d3"><img alt="" aria-label="" orientation="vertical" src="https://digitalcontent.api.tesco.com/v2/media/ghs/53cf21e9-d702-40a7-b037-7902b8dc4707/2512ec74-40cb-4520-974e-b3d64e0d3a95.jpeg?h=225&amp;w=225" loading="lazy" data-testid="imageElement_305731768" class="styled__StyledImage-sc-1fweb41-1 hCXoFX"></a></div><div class="styled__StyledTitleContainer-sc-t48uy4-1 hmpPZn"><h2 class="component__StyledHeading-sc-1t0ixqu-0 iDJPjF ddsweb-heading styled-sc-mz7xly-0 kXoSwE styled__StyledTitle-sc-1a6zg7t-0 etoGWB b_hC4 ddsweb-title-link__container"><a class="styled__Anchor-sc-1i711qa-0 gRXcDF ddsweb-title-link__link ddsweb-link__anchor" href="/groceries/en-GB/products/305731768" aria-label="Young's Chip Shop Extra Large Beer Batter Fish Fillets 300g" data-di-id="di-id-799bdb7e-414ed26e"><span class="styled__Text-sc-1i711qa-1 bsLJsh ddsweb-link__text">Young's Chip Shop Extra Large Beer Batter Fish Fillets 300g</span></a></h2></div><div class="zWmtM"><div class="styled__StyledNonInteractiveContainer-sc-1de15j6-7 klymXO ddsweb-rating__container" data-testid="star-rating" aria-label="Average customer rating 2.5 out of 5 stars"><svg class="ddsweb-rating__icon-active" aria-hidden="true" xmlns="http://www.w3.org/2000/svg" width="12" height="12" viewBox="0 0 12 12" fill="none" data-di-res-id="b9e7afc9-803526bc" data-di-rand="1749971260963"><path fill="var(--ddsweb-theme-colors-tesco-blue, #00539f)" stroke="var(--ddsweb-theme-colors-grayscale, #666666)" d="M6.24228 9.51529L6 9.38108L5.75772 9.51529L2.9631 11.0633L3.50417 7.74036L3.54466 7.49166L3.36886 7.31115L1.03607 4.91585L4.23368 4.42624L4.49754 4.38584L4.61078 4.14411L6 1.17863L7.38922 4.14411L7.50246 4.38584L7.76632 4.42624L10.9639 4.91585L8.63114 7.31115L8.45534 7.49166L8.49583 7.74035L9.0369 11.0633L6.24228 9.51529Z"></path></svg><svg class="ddsweb-rating__icon-active" aria-hidden="true" xmlns="http://www.w3.org/2000/svg" width="12" height="12" viewBox="0 0 12 12" fill="none" data-di-res-id="b9e7afc9-42140642" data-di-rand="1749971260963"><path fill="var(--ddsweb-theme-colors-tesco-blue, #00539f)" stroke="var(--ddsweb-theme-colors-grayscale, #666666)" d="M6.24228 9.51529L6 9.38108L5.75772 9.51529L2.9631 11.0633L3.50417 7.74036L3.54466 7.49166L3.36886 7.31115L1.03607 4.91585L4.23368 4.42624L4.49754 4.38584L4.61078 4.14411L6 1.17863L7.38922 4.14411L7.50246 4.38584L7.76632 4.42624L10.9639 4.91585L8.63114 7.31115L8.45534 7.49166L8.49583 7.74035L9.0369 11.0633L6.24228 9.51529Z"></path></svg><svg class="ddsweb-rating__icon-half-active" aria-hidden="true" xmlns="http://www.w3.org/2000/svg" width="12" height="12" viewBox="0 0 12 12" fill="none" data-di-res-id="b9e7afc9-2afb9820" data-di-rand="1749971260963"><g clip-path="url(#clip0_1_2)"><path d="M6.24228 9.51529L6 9.38108L5.75772 9.51529L2.9631 11.0633L3.50417 7.74036L3.54466 7.49166L3.36886 7.31115L1.03607 4.91585L4.23368 4.42624L4.49754 4.38584L4.61078 4.14411L6 1.17863L7.38922 4.14411L7.50246 4.38584L7.76632 4.42624L10.9639 4.91585L8.63114 7.31115L8.45534 7.49166L8.49583 7.74036L9.0369 11.0633L6.24228 9.51529Z" fill="var(--ddsweb-theme-colors-tesco-blue, #00539f)"></path><path fill-rule="evenodd" clip-rule="evenodd" d="M6 9.95267V0L7.842 3.932L12 4.56867L8.98933 7.66L9.696 12L6 9.95267Z" fill="var(--ddsweb-theme-colors-white, #ffffff)"></path></g><path stroke="var(--ddsweb-theme-colors-grayscale, #666666)" d="M6.24228 9.51529L6 9.38108L5.75772 9.51529L2.9631 11.0633L3.50417 7.74036L3.54466 7.49166L3.36886 7.31115L1.03607 4.91585L4.23368 4.42624L4.49754 4.38584L4.61078 4.14411L6 1.17863L7.38922 4.14411L7.50246 4.38584L7.76632 4.42624L10.9639 4.91585L8.63114 7.31115L8.45534 7.49166L8.49583 7.74035L9.0369 11.0633L6.24228 9.51529Z"></path><defs><clipPath id="clip0_1_2"><rect width="12" height="12" fill="white"></rect></clipPath></defs></svg><svg class="ddsweb-rating__icon-inactive" aria-hidden="true" xmlns="http://www.w3.org/2000/svg" width="12" height="12" viewBox="0 0 12 12" fill="none" data-di-res-id="b9e7afc9-3cf5c7ff" data-di-rand="1749971260963"><path fill="var(--ddsweb-theme-colors-white, #ffffff)" stroke="var(--ddsweb-theme-colors-grayscale, #666666)" d="M6.24228 9.51529L6 9.38108L5.75772 9.51529L2.9631 11.0633L3.50417 7.74036L3.54466 7.49166L3.36886 7.31115L1.03607 4.91585L4.23368 4.42624L4.49754 4.38584L4.61078 4.14411L6 1.17863L7.38922 4.14411L7.50246 4.38584L7.76632 4.42624L10.9639 4.91585L8.63114 7.31115L8.45534 7.49166L8.49583 7.74035L9.0369 11.0633L6.24228 9.51529Z"></path></svg><svg class="ddsweb-rating__icon-inactive" aria-hidden="true" xmlns="http://www.w3.org/2000/svg" width="12" height="12" viewBox="0 0 12 12" fill="none" data-di-res-id="b9e7afc9-8a58966b" data-di-rand="1749971260963"><path fill="var(--ddsweb-theme-colors-white, #ffffff)" stroke="var(--ddsweb-theme-colors-grayscale, #666666)" d="M6.24228 9.51529L6 9.38108L5.75772 9.51529L2.9631 11.0633L3.50417 7.74036L3.54466 7.49166L3.36886 7.31115L1.03607 4.91585L4.23368 4.42624L4.49754 4.38584L4.61078 4.14411L6 1.17863L7.38922 4.14411L7.50246 4.38584L7.76632 4.42624L10.9639 4.91585L8.63114 7.31115L8.45534 7.49166L8.49583 7.74035L9.0369 11.0633L6.24228 9.51529Z"></path></svg><p class="text__StyledText-sc-1jpzi8m-0 kiGrpI ddsweb-text styled__StyledHint-sc-1de15j6-8 MfAbW ddsweb-rating__hint">2.5 (37)</p></div></div><div class="styled__StyledVariationsContainer-sc-t48uy4-13 bDZUAH"></div><div class="styled__StyledDeliveryMessageContainer-sc-t48uy4-7 hhgAvL"></div><div class="styled__StyledDetailsContainer-sc-t48uy4-2 dMquZm" orientation="vertical"><a class="styled__Anchor-sc-1i711qa-0 lfiJmH styled__StyledLink-sc-k2gmo0-0 iktlRk ddsweb-link__anchor" href="/groceries/en-GB/reviews/submission/305731768" data-di-id="di-id-5538334c-8fc13f4"><span class="styled__Text-sc-1i711qa-1 RIkWH ddsweb-link__text">Write a review</span><span class="styled__IconContainer-sc-1i711qa-2 femlOX ddsweb-link__icon-container"><svg aria-hidden="true" class="styled__SVG-sc-1fqfvah-1 iGyaMX ddsweb-link__icon ddsweb-icon__svg" height="10" preserveAspectRatio="xMinYMax meet" viewBox="-1 0 12 20" width="6" xmlns="http://www.w3.org/2000/svg" color="currentColor" data-di-res-id="b9e7afc9-b4088315" data-di-rand="1749971260963"><path d="M1.312 1.348L10.276 10l-8.964 8.644" fill="none" stroke="currentColor"></path></svg></span></a><a class="styled__Anchor-sc-1i711qa-0 lfiJmH styled__StyledLink-sc-1ylrywh-0 joIFCQ ddsweb-link__anchor" href="/groceries/en-GB/shop/frozen-food/fish-and-seafood/coated-fish/frozen-battered-fish" aria-label="Rest of shelf Frozen Battered Fish" data-di-id="di-id-fb7c9ed8-6083c4f3"><span class="styled__Text-sc-1i711qa-1 RIkWH ddsweb-link__text">Rest of shelf</span><span class="styled__IconContainer-sc-1i711qa-2 femlOX ddsweb-link__icon-container"><svg aria-hidden="true" class="styled__SVG-sc-1fqfvah-1 iGyaMX ddsweb-link__icon ddsweb-icon__svg" height="10" preserveAspectRatio="xMinYMax meet" viewBox="-1 0 12 20" width="6" xmlns="http://www.w3.org/2000/svg" color="currentColor" data-di-res-id="b9e7afc9-12544c4c" data-di-rand="1749971260963"><path d="M1.312 1.348L10.276 10l-8.964 8.644" fill="none" stroke="currentColor"></path></svg></span></a></div><div class="styled__StyledPromotionsContainer-sc-t48uy4-4 iFrZAf"><div class="styled__PromotionsContainer-sc-nc07d4-3 hyzOdv"><div><div class="styled__StyledPromotionsWithClubcardPriceContainer-sc-dfqdes-0 cJAeJR"><a href="/groceries/en-GB/promotions/92848497" class="styled__Container-sc-1d7lp92-4 fgHTfg ddsweb-value-bar__container" data-di-id="di-id-b8fcb942-205a1ab2"><div class="styled__InnerContainer-sc-1d7lp92-5 fDFyTn ddsweb-value-bar__inner-container"><div class="styled__ClubcardPriceLogo-sc-1d7lp92-7 dCdODK ddsweb-value-bar__clubcard-logo"><svg role="img" width="56" height="56" fill="none" xmlns="http://www.w3.org/2000/svg" data-di-res-id="24309770-c6f3a083" data-di-rand="1749971260964"><title>Clubcard Price</title><path d="M0 12C0 5.373 5.373 0 12 0h44v56H12C5.373 56 0 50.627 0 44V12Z" fill="#00539F"></path><path d="M10.315 27.08c-.6 0-1.157-.137-1.67-.41a3.185 3.185 0 0 1-1.24-1.23c-.313-.547-.47-1.193-.47-1.94 0-.747.157-1.39.47-1.93a3.097 3.097 0 0 1 1.24-1.23c.513-.28 1.07-.42 1.67-.42.727 0 1.344.17 1.85.51.514.34.874.827 1.08 1.46l-1.13.45a1.638 1.638 0 0 0-.64-.88c-.306-.227-.693-.34-1.16-.34-.373 0-.717.09-1.03.27a1.86 1.86 0 0 0-.75.8c-.187.353-.28.79-.28 1.31s.093.96.28 1.32c.187.353.437.62.75.8.313.173.657.26 1.03.26.467 0 .854-.11 1.16-.33.314-.22.527-.517.64-.89l1.13.45c-.206.633-.566 1.12-1.08 1.46-.506.34-1.123.51-1.85.51Zm5.153-.08h-1.24v-7.08h1.24V27Zm5.927 0h-1.24v-.81c-.174.28-.397.5-.67.66-.274.153-.577.23-.91.23-.547 0-.974-.163-1.28-.49-.3-.327-.45-.777-.45-1.35v-3.4h1.24v3.1c0 .667.29 1 .87 1 .38 0 .673-.163.88-.49.213-.333.32-.787.32-1.36v-2.25h1.24V27Zm4.156.08a1.99 1.99 0 0 1-.9-.19 1.503 1.503 0 0 1-.58-.51V27h-1.24v-7.08h1.24v2.55c.167-.22.38-.393.64-.52s.55-.19.87-.19c.44 0 .83.113 1.17.34.34.227.604.543.79.95.194.4.29.857.29 1.37 0 .507-.103.963-.31 1.37-.2.4-.473.717-.82.95-.346.227-.73.34-1.15.34Zm-.28-1.14c.367 0 .67-.137.91-.41.247-.273.37-.643.37-1.11 0-.467-.123-.837-.37-1.11a1.159 1.159 0 0 0-.91-.41 1.19 1.19 0 0 0-.92.41c-.24.273-.36.643-.36 1.11 0 .467.12.837.36 1.11.247.273.554.41.92.41Zm6.08 1.14c-.507 0-.957-.113-1.35-.34-.394-.227-.7-.54-.92-.94a2.853 2.853 0 0 1-.33-1.38c0-.513.11-.97.33-1.37.22-.407.526-.723.92-.95.393-.227.843-.34 1.35-.34 1.146 0 1.923.47 2.33 1.41l-1.13.51c-.26-.52-.66-.78-1.2-.78-.387 0-.707.14-.96.42-.254.28-.38.647-.38 1.1 0 .453.126.82.38 1.1.253.28.573.42.96.42.54 0 .94-.26 1.2-.78l1.13.51c-.407.94-1.184 1.41-2.33 1.41Zm4.666 0c-.3 0-.583-.06-.85-.18a1.538 1.538 0 0 1-.64-.52c-.16-.233-.24-.51-.24-.83 0-.507.19-.913.57-1.22.38-.313.894-.47 1.54-.47h1.11v-.18c0-.26-.09-.467-.27-.62-.18-.16-.423-.24-.73-.24-.246 0-.47.067-.67.2-.2.127-.35.277-.45.45l-.95-.57c.18-.327.447-.597.8-.81.354-.22.777-.33 1.27-.33.707 0 1.257.17 1.65.51.394.34.59.83.59 1.47V27h-1.02l-.17-.66c-.166.227-.38.407-.64.54-.253.133-.553.2-.9.2Zm.3-1.06c.334 0 .614-.1.84-.3.234-.2.35-.447.35-.74v-.14h-.98c-.286 0-.516.057-.69.17a.506.506 0 0 0-.25.45c0 .18.06.32.18.42.127.093.31.14.55.14Zm3.653-4.18h1.24v.78c.147-.28.353-.493.62-.64.267-.147.563-.22.89-.22.34 0 .607.077.8.23l-.42 1.05a1.144 1.144 0 0 0-.55-.14c-.387 0-.707.167-.96.5-.253.333-.38.847-.38 1.54V27h-1.24v-5.16ZM46 27.08c-.42 0-.803-.113-1.15-.34a2.337 2.337 0 0 1-.82-.95 3.15 3.15 0 0 1-.29-1.37c0-.513.094-.97.28-1.37.194-.407.46-.723.8-.95.34-.227.73-.34 1.17-.34.347 0 .65.063.91.19.26.12.46.293.6.52v-2.55h1.24V27H47.5v-.62a1.676 1.676 0 0 1-.6.51 1.99 1.99 0 0 1-.9.19Zm.3-1.14c.367 0 .67-.137.91-.41.248-.273.37-.643.37-1.11 0-.467-.122-.837-.37-1.11a1.159 1.159 0 0 0-.91-.41c-.366 0-.672.137-.92.41-.24.273-.36.643-.36 1.11 0 .467.12.837.36 1.11.247.273.554.41.92.41ZM17.957 37h-1.3v-7h2.57c.467 0 .87.097 1.21.29.34.187.6.447.78.78.18.327.27.693.27 1.1 0 .407-.09.777-.27 1.11-.18.327-.44.587-.78.78-.34.187-.743.28-1.21.28h-1.27V37Zm1.17-3.86c.32 0 .574-.08.76-.24.187-.167.28-.41.28-.73s-.093-.56-.28-.72c-.186-.167-.44-.25-.76-.25h-1.17v1.94h1.17Zm3.359-1.3h1.24v.78c.146-.28.353-.493.62-.64.266-.147.563-.22.89-.22.34 0 .606.077.8.23l-.42 1.05a1.144 1.144 0 0 0-.55-.14c-.387 0-.707.167-.96.5-.254.333-.38.847-.38 1.54V37h-1.24v-5.16Zm4.187-1.34c0-.227.076-.417.23-.57a.774.774 0 0 1 .57-.23c.226 0 .416.077.57.23.153.153.23.343.23.57a.774.774 0 0 1-.23.57.774.774 0 0 1-.57.23.774.774 0 0 1-.57-.23.774.774 0 0 1-.23-.57Zm1.42 6.5h-1.24v-5.16h1.24V37Zm3.723.08c-.507 0-.957-.113-1.35-.34-.394-.227-.7-.54-.92-.94a2.853 2.853 0 0 1-.33-1.38c0-.513.11-.97.33-1.37.22-.407.526-.723.92-.95.393-.227.843-.34 1.35-.34 1.146 0 1.923.47 2.33 1.41l-1.13.51c-.26-.52-.66-.78-1.2-.78-.387 0-.707.14-.96.42-.254.28-.38.647-.38 1.1 0 .453.126.82.38 1.1.253.28.573.42.96.42.54 0 .94-.26 1.2-.78l1.13.51c-.407.94-1.184 1.41-2.33 1.41Zm8.026-2.26h-3.81c.067.38.224.67.47.87.247.193.547.29.9.29.294 0 .537-.06.73-.18.2-.127.39-.317.57-.57l1.05.57c-.253.413-.576.73-.97.95-.386.22-.87.33-1.45.33-.546 0-1.016-.127-1.41-.38a2.463 2.463 0 0 1-.87-1 2.945 2.945 0 0 1-.29-1.28c0-.447.1-.873.3-1.28.207-.407.504-.737.89-.99.387-.26.844-.39 1.37-.39.534 0 .99.12 1.37.36.38.24.667.557.86.95.194.387.29.8.29 1.24v.51Zm-1.27-.98a1.134 1.134 0 0 0-.41-.72c-.22-.187-.5-.28-.84-.28-.286 0-.543.09-.77.27a1.333 1.333 0 0 0-.47.73h2.49Z" fill="#fff"></path></svg></div><div class="styled__ContentContainer-sc-1d7lp92-8 dVbxyj ddsweb-value-bar__content-container"><p title="£2.00 Clubcard Price" class="text__StyledText-sc-1jpzi8m-0 gljcji ddsweb-text styled__ContentText-sc-1d7lp92-9 ijspZf ddsweb-value-bar__content-text">£2.00 Clubcard Price</p><p class="text__StyledText-sc-1jpzi8m-0 ggFawa ddsweb-text styled__SubText-sc-1d7lp92-11 jGBCCZ ddsweb-value-bar__content-subtext">(£6.67/kg)</p></div><div class="styled__IconContainer-sc-1d7lp92-12 gA-DXsl ddsweb-value-bar__icon-container"><svg xmlns="http://www.w3.org/2000/svg" width="16" height="16" fill="none" aria-hidden="true" data-di-res-id="24309770-6e891930" data-di-rand="1749971260964"><path d="M4.354 2.771 9.77 8l-5.417 5.223 1.04 1.08L11.932 8 5.395 1.692l-1.041 1.08Z" fill="#00539F"></path></svg></div></div><p class="text__StyledText-sc-1jpzi8m-0 ggFawa ddsweb-text styled__TermsText-sc-1d7lp92-10 dCWOwo ddsweb-value-bar__terms">Offer valid for delivery from 03/06/2025 until 23/06/2025</p></a></div></div></div></div><div class="styled__StyledBuyBoxContainer-sc-t48uy4-3 jYiGsR SYzVz" orientation="vertical"><div class="base-components__RootElement-sc-150pv2j-1 styled__Container-sc-159tobh-0 gUUOsR cyGXML gmbSL ddsweb-buybox__container"><div class="base-components__BaseElement-sc-150pv2j-0 styled__PriceAndActions-sc-159tobh-3 iwUsaJ hyWgI ddsweb-buybox__price-and-actions"><div class="styled__StyledPriceContainer-sc-159tobh-5 kpODmQ"><div class="base-components__RootElement-sc-150pv2j-1 styled__Container-sc-v0qv7n-0 gUUOsR dECJWY ddsweb-buybox__price ddsweb-price__container"><p class="text__StyledText-sc-1jpzi8m-0 gyHOWz ddsweb-text styled__PriceText-sc-v0qv7n-1 cXlRF">£3.75</p><p class="text__StyledText-sc-1jpzi8m-0 kiGrpI ddsweb-text styled__Subtext-sc-v0qv7n-2 kLkheV ddsweb-price__subtext">£12.50/kg</p></div></div><div class="base-components__RootElement-sc-150pv2j-1 styled__Container-sc-195yncy-0 gUUOsR fGLoHO ddsweb-buybox__actions ddsweb-quantity-controls__container"><div class="base-components__RootElement-sc-150pv2j-1 styled__Container-sc-1rbigln-0 gUUOsR jjKXIy styled__StyledFormGroup-sc-195yncy-1 ldxiiI ddsweb-quantity-controls__form-group ddsweb-form-group__container"><label class="styled__StyledLabel-sc-1bpek9-0 CsZQe styled__StyledLabel-sc-1rbigln-2 eaqwEU ddsweb-form-group__label ddsweb-label" for="quantity-controls-305731768">Quantity controls, undefined</label><div class="base-components__BaseElement-sc-150pv2j-0 styled__Children-sc-1rbigln-5 iwUsaJ csugvD ddsweb-form-group__children"><div class="styled__StyledQuantityControlWrapper-sc-195yncy-6 lbTVkV"><label id="quantity-controls-305731768-label" class="styled__VisuallyHiddenLabel-sc-195yncy-7 bflMtB">Quantity of Young's Chip Shop Extra Large Beer Batter Fish Fillets 300g</label><div class="component__Wrapper-sc-19wd3h0-3 kiZcNf input-wrapper"><input class="base-components__RootElement-sc-150pv2j-1 styled__StyledInput-sc-7h0jvk-0 component__StyledAsInput-sc-19wd3h0-4 gUUOsR hlAFFt styled__StyledInput-sc-195yncy-3 jPiMHf ddsweb-quantity-controls__input ddsweb-input" data-auto="ddsweb-quantity-controls-input" autocomplete="off" id="quantity-controls-305731768" maxlength="2" type="number" aria-labelledby="quantity-controls-305731768-label" value="1" data-di-id="#quantity-controls-305731768"></div></div><button class="styled__StyledTextButton-sc-8hxn3m-0 bjIvKR styled__StyledButton-sc-195yncy-5 jUbPrY ddsweb-quantity-controls__add-button ddsweb-button ddsweb-button--text-button" type="submit" data-auto="ddsweb-quantity-controls-add-button" aria-label="add 1 Young's Chip Shop Extra Large Beer Batter Fish Fillets 300g" data-di-id="di-id-21e0a446-1a14c1f5"><span class="shared-containers__StyledInnerContainer-sc-93ev6e-2 gplLQL ddsweb-button__inner-container">Add</span></button></div></div></div></div></div></div><div class="styled__StyledMessagingContainer-sc-t48uy4-5 jHhxvV" orientation="vertical"></div></div></div></li><li data-testid="313388200" class="WL_DZ" data-auto-available="true"><div class="_ecrj"><div class="styled__StyledVerticalTile-sc-1r1v9f3-1 LihIl"><div class="woiNV"></div><div class="styled__StyledImageContainer-sc-t48uy4-0 bixZuE KZ_O1"><a class="styled__ImageContainer-sc-1fweb41-0 irjUEM" href="/groceries/en-GB/products/313388200" aria-hidden="true" tabindex="-1" data-testid="imageContainer_313388200" data-di-id="di-id-745e762e-e99a60bb"><img alt="" aria-label="" orientation="vertical" src="https://digitalcontent.api.tesco.com/v2/media/ghs/b0b2097c-129f-4b93-a8ad-69ea2aa495b5/4691620f-fddb-4273-9c71-58ceeb15c77f.jpeg?h=225&amp;w=225" loading="lazy" data-testid="imageElement_313388200" class="styled__StyledImage-sc-1fweb41-1 hCXoFX"></a></div><div class="styled__StyledTitleContainer-sc-t48uy4-1 hmpPZn"><h2 class="component__StyledHeading-sc-1t0ixqu-0 iDJPjF ddsweb-heading styled-sc-mz7xly-0 kXoSwE styled__StyledTitle-sc-1a6zg7t-0 etoGWB b_hC4 ddsweb-title-link__container"><a class="styled__Anchor-sc-1i711qa-0 gRXcDF ddsweb-title-link__link ddsweb-link__anchor" href="/groceries/en-GB/products/313388200" aria-label="Hearty Food Co 4 Battered White Fish Fillets 400G" data-di-id="di-id-799bdb7e-9f4c4a06"><span class="styled__Text-sc-1i711qa-1 bsLJsh ddsweb-link__text">Hearty Food Co 4 Battered White Fish Fillets 400G</span></a></h2></div><div class="zWmtM"><div class="styled__StyledNonInteractiveContainer-sc-1de15j6-7 klymXO ddsweb-rating__container" data-testid="star-rating" aria-label="Average customer rating 3.9 out of 5 stars"><svg class="ddsweb-rating__icon-active" aria-hidden="true" xmlns="http://www.w3.org/2000/svg" width="12" height="12" viewBox="0 0 12 12" fill="none" data-di-res-id="24309770-f935573d" data-di-rand="1749971260964"><path fill="var(--ddsweb-theme-colors-tesco-blue, #00539f)" stroke="var(--ddsweb-theme-colors-grayscale, #666666)" d="M6.24228 9.51529L6 9.38108L5.75772 9.51529L2.9631 11.0633L3.50417 7.74036L3.54466 7.49166L3.36886 7.31115L1.03607 4.91585L4.23368 4.42624L4.49754 4.38584L4.61078 4.14411L6 1.17863L7.38922 4.14411L7.50246 4.38584L7.76632 4.42624L10.9639 4.91585L8.63114 7.31115L8.45534 7.49166L8.49583 7.74035L9.0369 11.0633L6.24228 9.51529Z"></path></svg><svg class="ddsweb-rating__icon-active" aria-hidden="true" xmlns="http://www.w3.org/2000/svg" width="12" height="12" viewBox="0 0 12 12" fill="none" data-di-res-id="24309770-948495a5" data-di-rand="1749971260964"><path fill="var(--ddsweb-theme-colors-tesco-blue, #00539f)" stroke="var(--ddsweb-theme-colors-grayscale, #666666)" d="M6.24228 9.51529L6 9.38108L5.75772 9.51529L2.9631 11.0633L3.50417 7.74036L3.54466 7.49166L3.36886 7.31115L1.03607 4.91585L4.23368 4.42624L4.49754 4.38584L4.61078 4.14411L6 1.17863L7.38922 4.14411L7.50246 4.38584L7.76632 4.42624L10.9639 4.91585L8.63114 7.31115L8.45534 7.49166L8.49583 7.74035L9.0369 11.0633L6.24228 9.51529Z"></path></svg><svg class="ddsweb-rating__icon-active" aria-hidden="true" xmlns="http://www.w3.org/2000/svg" width="12" height="12" viewBox="0 0 12 12" fill="none" data-di-res-id="24309770-3345569f" data-di-rand="1749971260964"><path fill="var(--ddsweb-theme-colors-tesco-blue, #00539f)" stroke="var(--ddsweb-theme-colors-grayscale, #666666)" d="M6.24228 9.51529L6 9.38108L5.75772 9.51529L2.9631 11.0633L3.50417 7.74036L3.54466 7.49166L3.36886 7.31115L1.03607 4.91585L4.23368 4.42624L4.49754 4.38584L4.61078 4.14411L6 1.17863L7.38922 4.14411L7.50246 4.38584L7.76632 4.42624L10.9639 4.91585L8.63114 7.31115L8.45534 7.49166L8.49583 7.74035L9.0369 11.0633L6.24228 9.51529Z"></path></svg><svg class="ddsweb-rating__icon-half-active" aria-hidden="true" xmlns="http://www.w3.org/2000/svg" width="12" height="12" viewBox="0 0 12 12" fill="none" data-di-res-id="24309770-292fe3de" data-di-rand="1749971260964"><g clip-path="url(#clip0_1_2)"><path d="M6.24228 9.51529L6 9.38108L5.75772 9.51529L2.9631 11.0633L3.50417 7.74036L3.54466 7.49166L3.36886 7.31115L1.03607 4.91585L4.23368 4.42624L4.49754 4.38584L4.61078 4.14411L6 1.17863L7.38922 4.14411L7.50246 4.38584L7.76632 4.42624L10.9639 4.91585L8.63114 7.31115L8.45534 7.49166L8.49583 7.74036L9.0369 11.0633L6.24228 9.51529Z" fill="var(--ddsweb-theme-colors-tesco-blue, #00539f)"></path><path fill-rule="evenodd" clip-rule="evenodd" d="M6 9.95267V0L7.842 3.932L12 4.56867L8.98933 7.66L9.696 12L6 9.95267Z" fill="var(--ddsweb-theme-colors-white, #ffffff)"></path></g><path stroke="var(--ddsweb-theme-colors-grayscale, #666666)" d="M6.24228 9.51529L6 9.38108L5.75772 9.51529L2.9631 11.0633L3.50417 7.74036L3.54466 7.49166L3.36886 7.31115L1.03607 4.91585L4.23368 4.42624L4.49754 4.38584L4.61078 4.14411L6 1.17863L7.38922 4.14411L7.50246 4.38584L7.76632 4.42624L10.9639 4.91585L8.63114 7.31115L8.45534 7.49166L8.49583 7.74035L9.0369 11.0633L6.24228 9.51529Z"></path><defs><clipPath id="clip0_1_2"><rect width="12" height="12" fill="white"></rect></clipPath></defs></svg><svg class="ddsweb-rating__icon-inactive" aria-hidden="true" xmlns="http://www.w3.org/2000/svg" width="12" height="12" viewBox="0 0 12 12" fill="none" data-di-res-id="24309770-a9458c8e" data-di-rand="1749971260964"><path fill="var(--ddsweb-theme-colors-white, #ffffff)" stroke="var(--ddsweb-theme-colors-grayscale, #666666)" d="M6.24228 9.51529L6 9.38108L5.75772 9.51529L2.9631 11.0633L3.50417 7.74036L3.54466 7.49166L3.36886 7.31115L1.03607 4.91585L4.23368 4.42624L4.49754 4.38584L4.61078 4.14411L6 1.17863L7.38922 4.14411L7.50246 4.38584L7.76632 4.42624L10.9639 4.91585L8.63114 7.31115L8.45534 7.49166L8.49583 7.74035L9.0369 11.0633L6.24228 9.51529Z"></path></svg><p class="text__StyledText-sc-1jpzi8m-0 kiGrpI ddsweb-text styled__StyledHint-sc-1de15j6-8 MfAbW ddsweb-rating__hint">3.9 (21)</p></div></div><div class="styled__StyledVariationsContainer-sc-t48uy4-13 bDZUAH"></div><div class="styled__StyledDeliveryMessageContainer-sc-t48uy4-7 hhgAvL"></div><div class="styled__StyledDetailsContainer-sc-t48uy4-2 dMquZm" orientation="vertical"><a class="styled__Anchor-sc-1i711qa-0 lfiJmH styled__StyledLink-sc-k2gmo0-0 iktlRk ddsweb-link__anchor" href="/groceries/en-GB/reviews/submission/313388200" data-di-id="di-id-5538334c-d6fe8b9c"><span class="styled__Text-sc-1i711qa-1 RIkWH ddsweb-link__text">Write a review</span><span class="styled__IconContainer-sc-1i711qa-2 femlOX ddsweb-link__icon-container"><svg aria-hidden="true" class="styled__SVG-sc-1fqfvah-1 iGyaMX ddsweb-link__icon ddsweb-icon__svg" height="10" preserveAspectRatio="xMinYMax meet" viewBox="-1 0 12 20" width="6" xmlns="http://www.w3.org/2000/svg" color="currentColor" data-di-res-id="24309770-827a6e6f" data-di-rand="1749971260964"><path d="M1.312 1.348L10.276 10l-8.964 8.644" fill="none" stroke="currentColor"></path></svg></span></a><a class="styled__Anchor-sc-1i711qa-0 lfiJmH styled__StyledLink-sc-1ylrywh-0 joIFCQ ddsweb-link__anchor" href="/groceries/en-GB/shop/frozen-food/fish-and-seafood/coated-fish/frozen-battered-fish" aria-label="Rest of shelf Frozen Battered Fish" data-di-id="di-id-fb7c9ed8-1784f465"><span class="styled__Text-sc-1i711qa-1 RIkWH ddsweb-link__text">Rest of shelf</span><span class="styled__IconContainer-sc-1i711qa-2 femlOX ddsweb-link__icon-container"><svg aria-hidden="true" class="styled__SVG-sc-1fqfvah-1 iGyaMX ddsweb-link__icon ddsweb-icon__svg" height="10" preserveAspectRatio="xMinYMax meet" viewBox="-1 0 12 20" width="6" xmlns="http://www.w3.org/2000/svg" color="currentColor" data-di-res-id="24309770-d2c34563" data-di-rand="1749971260964"><path d="M1.312 1.348L10.276 10l-8.964 8.644" fill="none" stroke="currentColor"></path></svg></span></a></div><div class="styled__StyledPromotionsContainer-sc-t48uy4-4 iFrZAf"></div><div class="styled__StyledBuyBoxContainer-sc-t48uy4-3 jYiGsR SYzVz" orientation="vertical"><div class="base-components__RootElement-sc-150pv2j-1 styled__Container-sc-159tobh-0 gUUOsR cyGXML gmbSL ddsweb-buybox__container"><div class="base-components__BaseElement-sc-150pv2j-0 styled__PriceAndActions-sc-159tobh-3 iwUsaJ hyWgI ddsweb-buybox__price-and-actions"><div class="styled__StyledPriceContainer-sc-159tobh-5 kpODmQ"><div class="base-components__RootElement-sc-150pv2j-1 styled__Container-sc-v0qv7n-0 gUUOsR dECJWY ddsweb-buybox__price ddsweb-price__container"><p class="text__StyledText-sc-1jpzi8m-0 gyHOWz ddsweb-text styled__PriceText-sc-v0qv7n-1 cXlRF">£2.00</p><p class="text__StyledText-sc-1jpzi8m-0 kiGrpI ddsweb-text styled__Subtext-sc-v0qv7n-2 kLkheV ddsweb-price__subtext">£5.00/kg</p></div></div><div class="base-components__RootElement-sc-150pv2j-1 styled__Container-sc-195yncy-0 gUUOsR fGLoHO ddsweb-buybox__actions ddsweb-quantity-controls__container"><div class="base-components__RootElement-sc-150pv2j-1 styled__Container-sc-1rbigln-0 gUUOsR jjKXIy styled__StyledFormGroup-sc-195yncy-1 ldxiiI ddsweb-quantity-controls__form-group ddsweb-form-group__container"><label class="styled__StyledLabel-sc-1bpek9-0 CsZQe styled__StyledLabel-sc-1rbigln-2 eaqwEU ddsweb-form-group__label ddsweb-label" for="quantity-controls-313388200">Quantity controls, undefined</label><div class="base-components__BaseElement-sc-150pv2j-0 styled__Children-sc-1rbigln-5 iwUsaJ csugvD ddsweb-form-group__children"><div class="styled__StyledQuantityControlWrapper-sc-195yncy-6 lbTVkV"><label id="quantity-controls-313388200-label" class="styled__VisuallyHiddenLabel-sc-195yncy-7 bflMtB">Quantity of Hearty Food Co 4 Battered White Fish Fillets 400G</label><div class="component__Wrapper-sc-19wd3h0-3 kiZcNf input-wrapper"><input class="base-components__RootElement-sc-150pv2j-1 styled__StyledInput-sc-7h0jvk-0 component__StyledAsInput-sc-19wd3h0-4 gUUOsR hlAFFt styled__StyledInput-sc-195yncy-3 jPiMHf ddsweb-quantity-controls__input ddsweb-input" data-auto="ddsweb-quantity-controls-input" autocomplete="off" id="quantity-controls-313388200" maxlength="2" type="number" aria-labelledby="quantity-controls-313388200-label" value="1" data-di-id="#quantity-controls-313388200"></div></div><button class="styled__StyledTextButton-sc-8hxn3m-0 bjIvKR styled__StyledButton-sc-195yncy-5 jUbPrY ddsweb-quantity-controls__add-button ddsweb-button ddsweb-button--text-button" type="submit" data-auto="ddsweb-quantity-controls-add-button" aria-label="add 1 Hearty Food Co 4 Battered White Fish Fillets 400G" data-di-id="di-id-21e0a446-6d13f163"><span class="shared-containers__StyledInnerContainer-sc-93ev6e-2 gplLQL ddsweb-button__inner-container">Add</span></button></div></div></div></div></div></div><div class="styled__StyledMessagingContainer-sc-t48uy4-5 jHhxvV" orientation="vertical"><div class="styled__WhiteBackground-sc-xqtzo2-1 jDYWlb"><span class="Logo__StyledLogoWrapper-sc-10f4xmd-0 cGnQEK logo logo--size-sm aldi-price-match"><svg role="img" xmlns="http://www.w3.org/2000/svg" viewBox="0 0 56 56" fill="none" data-di-res-id="9c8cf015-29ab4830" data-di-rand="1749971260965"><title>Aldi Price Match</title><path fill="#fff" d="M0 0h56v56H0z"></path><path d="M52 28C52 14.745 41.254 4 28 4 14.745 4 4 14.745 4 28s10.745 24 24 24c13.254 0 24-10.745 24-24Z" fill="#E81C2D"></path><mask id="a" style="mask-type: alpha;" maskUnits="userSpaceOnUse" x="19" y="22" width="33" height="27"><path d="m19.55 36.648 11.937 12.069L52 28.023V22.5l-.663.69-19.782 20-9.193-9.294-2.812 2.752Z" fill="#fff"></path></mask><g mask="url(#a)"><path d="M52 28C52 14.745 41.254 4 28 4 14.745 4 4 14.745 4 28s10.745 24 24 24c13.254 0 24-10.745 24-24Z" fill="#fff"></path></g><path d="m24.06 12.21-.698-2.06-.7 2.06h1.399Zm.36 1.06h-2.116l-.499 1.46H20.6l2.194-6.19h1.137l2.194 6.19h-1.206l-.498-1.46ZM27.57 14.73h-1.085V8.47h1.085v6.26ZM31.242 13.43c.213-.242.319-.57.319-.982 0-.412-.106-.74-.32-.98a1.02 1.02 0 0 0-.799-.364c-.32 0-.587.122-.8.363-.212.242-.319.569-.319.98 0 .414.107.741.32.982.212.242.479.363.8.363.32 0 .586-.121.799-.363Zm-2.068 1.07a2.03 2.03 0 0 1-.712-.841 2.768 2.768 0 0 1-.258-1.211c0-.454.083-.859.249-1.215.166-.357.398-.635.695-.835.297-.2.638-.301 1.023-.301.303 0 .569.054.796.163.227.11.402.264.524.464V8.47h1.085v6.26H31.49v-.55a1.429 1.429 0 0 1-.524.447 1.689 1.689 0 0 1-.787.173c-.367 0-.703-.1-1.006-.3ZM34.585 14.73h-1.084v-4.563h1.084v4.562Zm-1.04-6.163a.673.673 0 0 1 .498-.203.688.688 0 0 1 .7.707.687.687 0 0 1-.7.708.687.687 0 0 1-.7-.707c0-.2.067-.369.201-.505ZM19.543 19.502c.207-.183.31-.455.31-.814 0-.358-.103-.63-.31-.813-.207-.183-.488-.275-.843-.275h-1.298v2.177H18.7c.355 0 .636-.092.843-.275Zm-2.141 4.604H15.96v-7.852h2.85c.519 0 .966.107 1.343.32.378.213.666.505.866.875.2.37.299.783.299 1.24 0 .456-.1.869-.3 1.24-.2.37-.488.66-.865.874-.377.213-.824.32-1.342.32H17.4v2.983ZM21.866 18.318h1.376v.875c.162-.314.391-.553.687-.718.296-.164.625-.246.988-.246.377 0 .673.086.887.258l-.465 1.177a1.26 1.26 0 0 0-.61-.157c-.43 0-.785.187-1.066.561-.281.374-.421.95-.421 1.728v2.31h-1.376v-5.788ZM27.62 24.106h-1.375v-5.788h1.376v5.788Zm-1.32-7.818a.855.855 0 0 1 .633-.258c.25 0 .462.086.632.258.17.172.255.385.255.64a.874.874 0 0 1-.255.639.855.855 0 0 1-.632.258.873.873 0 0 1-.887-.898c0-.254.084-.467.254-.639ZM29.758 23.814a2.664 2.664 0 0 1-1.02-1.06c-.244-.452-.366-.966-.366-1.542 0-.576.122-1.09.366-1.542a2.669 2.669 0 0 1 1.02-1.06c.437-.254.936-.381 1.498-.381 1.272 0 2.134.527 2.585 1.581l-1.254.573c-.288-.584-.732-.876-1.33-.876-.43 0-.785.157-1.066.471-.28.315-.421.726-.421 1.234 0 .509.14.92.421 1.234.281.314.636.471 1.065.471.6 0 1.043-.291 1.331-.875l1.254.572c-.45 1.055-1.313 1.582-2.585 1.582-.562 0-1.061-.127-1.498-.382ZM38.286 20.561a1.284 1.284 0 0 0-.449-.807c-.248-.21-.56-.314-.938-.314-.318 0-.603.1-.854.297-.252.199-.425.473-.521.825h2.762Zm1.409 1.1h-4.227c.074.426.248.75.522.97.273.22.606.331.998.331.325 0 .598-.07.816-.208.218-.138.427-.349.627-.633l1.164.64a2.968 2.968 0 0 1-1.07 1.065c-.433.246-.971.37-1.614.37-.607 0-1.127-.144-1.559-.432a2.701 2.701 0 0 1-.971-1.116 3.332 3.332 0 0 1-.322-1.436c0-.5.113-.98.339-1.435.225-.456.553-.829.981-1.117.43-.287.936-.431 1.52-.431.592 0 1.099.134 1.52.403.422.27.74.623.954 1.06.215.438.322.903.322 1.397v.572ZM16.304 25.693h1.33l1.482 3.92 1.482-3.92h1.33v6.278h-1.153v-3.82l-1.224 3.246h-.87l-1.223-3.246v3.82h-1.154v-6.278ZM25.178 30.823a.85.85 0 0 0 .306-.663v-.126h-.869c-.254 0-.457.05-.608.148a.463.463 0 0 0-.226.408c0 .162.055.286.165.372.109.087.27.13.482.13.296 0 .546-.09.75-.269Zm-1.77 1.059a1.273 1.273 0 0 1-.78-1.211c0-.455.169-.82.506-1.099.337-.278.792-.417 1.366-.417h.984v-.161a.71.71 0 0 0-.24-.561c-.159-.14-.375-.21-.646-.21-.22 0-.418.058-.595.175a1.21 1.21 0 0 0-.399.407l-.843-.51a1.96 1.96 0 0 1 .71-.732c.313-.194.689-.29 1.127-.29.626 0 1.114.151 1.463.456.349.305.523.745.523 1.319v2.923h-.904l-.151-.592a1.617 1.617 0 0 1-.564.485c-.227.12-.495.179-.802.179-.267 0-.518-.054-.754-.161ZM27.555 30.41v-2.116h-.692v-.95h.692v-.772l1.1-.7v1.471h1.18v.951h-1.18v2.063c0 .442.175.663.523.663.16 0 .314-.062.461-.188l.497.852a1.494 1.494 0 0 1-.505.274c-.183.056-.37.085-.56.085-1.01 0-1.516-.544-1.516-1.632ZM31.223 31.738a2.128 2.128 0 0 1-.816-.848 2.552 2.552 0 0 1-.293-1.233c0-.46.097-.871.293-1.233.195-.361.466-.644.816-.847.349-.203.747-.305 1.197-.305 1.017 0 1.706.421 2.067 1.265l-1.003.457c-.23-.467-.585-.7-1.064-.7-.343 0-.627.126-.851.377-.225.251-.337.58-.337.986 0 .407.112.736.337.987.224.251.508.376.851.376.48 0 .834-.233 1.064-.699l1.003.458c-.36.843-1.05 1.264-2.067 1.264-.45 0-.848-.101-1.197-.305ZM35.013 25.622h1.1v2.448a1.655 1.655 0 0 1 1.437-.798c.484 0 .865.145 1.143.435.278.29.417.695.417 1.215v3.05h-1.1v-2.826c0-.275-.07-.485-.208-.632-.14-.147-.338-.22-.599-.22-.301 0-.558.136-.772.408-.213.272-.319.69-.319 1.251v2.018h-1.1v-6.35Z" fill="#fff"></path></svg></span><div data-testid="styled-info-message" class="base-components__BaseElement-sc-150pv2j-0 styled__StyledMessage-sc-1eaukok-0 iwUsaJ iAZKsl styled__InfoMessageWrapper-sc-xqtzo2-0 GfvES">Aldi Price Match</div></div></div></div></div></li><li data-testid="289553605" class="WL_DZ" data-auto-available="true"><div class="_ecrj"><div class="styled__StyledVerticalTile-sc-1r1v9f3-1 LihIl"><div class="woiNV"></div><div class="styled__StyledImageContainer-sc-t48uy4-0 bixZuE KZ_O1"><a class="styled__ImageContainer-sc-1fweb41-0 irjUEM" href="/groceries/en-GB/products/289553605" aria-hidden="true" tabindex="-1" data-testid="imageContainer_289553605" data-di-id="di-id-745e762e-7f1be280"><img alt="" aria-label="" orientation="vertical" src="https://digitalcontent.api.tesco.com/v2/media/ghs/b08d1a22-1185-4cfe-874f-142776664d86/ddad516f-d965-44a1-b1b6-b88a12bc762b.jpeg?h=225&amp;w=225" loading="lazy" data-testid="imageElement_289553605" class="styled__StyledImage-sc-1fweb41-1 hCXoFX"></a></div><div class="styled__StyledTitleContainer-sc-t48uy4-1 hmpPZn"><h2 class="component__StyledHeading-sc-1t0ixqu-0 iDJPjF ddsweb-heading styled-sc-mz7xly-0 kXoSwE styled__StyledTitle-sc-1a6zg7t-0 etoGWB b_hC4 ddsweb-title-link__container"><a class="styled__Anchor-sc-1i711qa-0 gRXcDF ddsweb-title-link__link ddsweb-link__anchor" href="/groceries/en-GB/products/289553605" aria-label="Tesco Lightly Dusted Cod Fillets 255G" data-di-id="di-id-799bdb7e-9cdc83d"><span class="styled__Text-sc-1i711qa-1 bsLJsh ddsweb-link__text">Tesco Lightly Dusted Cod Fillets 255G</span></a></h2></div><div class="zWmtM"><div class="styled__StyledNonInteractiveContainer-sc-1de15j6-7 klymXO ddsweb-rating__container" data-testid="star-rating" aria-label="Average customer rating 3.7 out of 5 stars"><svg class="ddsweb-rating__icon-active" aria-hidden="true" xmlns="http://www.w3.org/2000/svg" width="12" height="12" viewBox="0 0 12 12" fill="none" data-di-res-id="9c8cf015-7a62091" data-di-rand="1749971260965"><path fill="var(--ddsweb-theme-colors-tesco-blue, #00539f)" stroke="var(--ddsweb-theme-colors-grayscale, #666666)" d="M6.24228 9.51529L6 9.38108L5.75772 9.51529L2.9631 11.0633L3.50417 7.74036L3.54466 7.49166L3.36886 7.31115L1.03607 4.91585L4.23368 4.42624L4.49754 4.38584L4.61078 4.14411L6 1.17863L7.38922 4.14411L7.50246 4.38584L7.76632 4.42624L10.9639 4.91585L8.63114 7.31115L8.45534 7.49166L8.49583 7.74035L9.0369 11.0633L6.24228 9.51529Z"></path></svg><svg class="ddsweb-rating__icon-active" aria-hidden="true" xmlns="http://www.w3.org/2000/svg" width="12" height="12" viewBox="0 0 12 12" fill="none" data-di-res-id="9c8cf015-d415642e" data-di-rand="1749971260965"><path fill="var(--ddsweb-theme-colors-tesco-blue, #00539f)" stroke="var(--ddsweb-theme-colors-grayscale, #666666)" d="M6.24228 9.51529L6 9.38108L5.75772 9.51529L2.9631 11.0633L3.50417 7.74036L3.54466 7.49166L3.36886 7.31115L1.03607 4.91585L4.23368 4.42624L4.49754 4.38584L4.61078 4.14411L6 1.17863L7.38922 4.14411L7.50246 4.38584L7.76632 4.42624L10.9639 4.91585L8.63114 7.31115L8.45534 7.49166L8.49583 7.74035L9.0369 11.0633L6.24228 9.51529Z"></path></svg><svg class="ddsweb-rating__icon-active" aria-hidden="true" xmlns="http://www.w3.org/2000/svg" width="12" height="12" viewBox="0 0 12 12" fill="none" data-di-res-id="9c8cf015-3b22479c" data-di-rand="1749971260965"><path fill="var(--ddsweb-theme-colors-tesco-blue, #00539f)" stroke="var(--ddsweb-theme-colors-grayscale, #666666)" d="M6.24228 9.51529L6 9.38108L5.75772 9.51529L2.9631 11.0633L3.50417 7.74036L3.54466 7.49166L3.36886 7.31115L1.03607 4.91585L4.23368 4.42624L4.49754 4.38584L4.61078 4.14411L6 1.17863L7.38922 4.14411L7.50246 4.38584L7.76632 4.42624L10.9639 4.91585L8.63114 7.31115L8.45534 7.49166L8.49583 7.74035L9.0369 11.0633L6.24228 9.51529Z"></path></svg><svg class="ddsweb-rating__icon-half-active" aria-hidden="true" xmlns="http://www.w3.org/2000/svg" width="12" height="12" viewBox="0 0 12 12" fill="none" data-di-res-id="9c8cf015-d8c6304d" data-di-rand="1749971260965"><g clip-path="url(#clip0_1_2)"><path d="M6.24228 9.51529L6 9.38108L5.75772 9.51529L2.9631 11.0633L3.50417 7.74036L3.54466 7.49166L3.36886 7.31115L1.03607 4.91585L4.23368 4.42624L4.49754 4.38584L4.61078 4.14411L6 1.17863L7.38922 4.14411L7.50246 4.38584L7.76632 4.42624L10.9639 4.91585L8.63114 7.31115L8.45534 7.49166L8.49583 7.74036L9.0369 11.0633L6.24228 9.51529Z" fill="var(--ddsweb-theme-colors-tesco-blue, #00539f)"></path><path fill-rule="evenodd" clip-rule="evenodd" d="M6 9.95267V0L7.842 3.932L12 4.56867L8.98933 7.66L9.696 12L6 9.95267Z" fill="var(--ddsweb-theme-colors-white, #ffffff)"></path></g><path stroke="var(--ddsweb-theme-colors-grayscale, #666666)" d="M6.24228 9.51529L6 9.38108L5.75772 9.51529L2.9631 11.0633L3.50417 7.74036L3.54466 7.49166L3.36886 7.31115L1.03607 4.91585L4.23368 4.42624L4.49754 4.38584L4.61078 4.14411L6 1.17863L7.38922 4.14411L7.50246 4.38584L7.76632 4.42624L10.9639 4.91585L8.63114 7.31115L8.45534 7.49166L8.49583 7.74035L9.0369 11.0633L6.24228 9.51529Z"></path><defs><clipPath id="clip0_1_2"><rect width="12" height="12" fill="white"></rect></clipPath></defs></svg><svg class="ddsweb-rating__icon-inactive" aria-hidden="true" xmlns="http://www.w3.org/2000/svg" width="12" height="12" viewBox="0 0 12 12" fill="none" data-di-res-id="9c8cf015-c66d8e4" data-di-rand="1749971260965"><path fill="var(--ddsweb-theme-colors-white, #ffffff)" stroke="var(--ddsweb-theme-colors-grayscale, #666666)" d="M6.24228 9.51529L6 9.38108L5.75772 9.51529L2.9631 11.0633L3.50417 7.74036L3.54466 7.49166L3.36886 7.31115L1.03607 4.91585L4.23368 4.42624L4.49754 4.38584L4.61078 4.14411L6 1.17863L7.38922 4.14411L7.50246 4.38584L7.76632 4.42624L10.9639 4.91585L8.63114 7.31115L8.45534 7.49166L8.49583 7.74035L9.0369 11.0633L6.24228 9.51529Z"></path></svg><p class="text__StyledText-sc-1jpzi8m-0 kiGrpI ddsweb-text styled__StyledHint-sc-1de15j6-8 MfAbW ddsweb-rating__hint">3.7 (54)</p></div></div><div class="styled__StyledVariationsContainer-sc-t48uy4-13 bDZUAH"></div><div class="styled__StyledDeliveryMessageContainer-sc-t48uy4-7 hhgAvL"></div><div class="styled__StyledDetailsContainer-sc-t48uy4-2 dMquZm" orientation="vertical"><a class="styled__Anchor-sc-1i711qa-0 lfiJmH styled__StyledLink-sc-k2gmo0-0 iktlRk ddsweb-link__anchor" href="/groceries/en-GB/reviews/submission/289553605" data-di-id="di-id-5538334c-407f09a7"><span class="styled__Text-sc-1i711qa-1 RIkWH ddsweb-link__text">Write a review</span><span class="styled__IconContainer-sc-1i711qa-2 femlOX ddsweb-link__icon-container"><svg aria-hidden="true" class="styled__SVG-sc-1fqfvah-1 iGyaMX ddsweb-link__icon ddsweb-icon__svg" height="10" preserveAspectRatio="xMinYMax meet" viewBox="-1 0 12 20" width="6" xmlns="http://www.w3.org/2000/svg" color="currentColor" data-di-res-id="999ab73a-51657ea7" data-di-rand="1749971260965"><path d="M1.312 1.348L10.276 10l-8.964 8.644" fill="none" stroke="currentColor"></path></svg></span></a><a class="styled__Anchor-sc-1i711qa-0 lfiJmH styled__StyledLink-sc-1ylrywh-0 joIFCQ ddsweb-link__anchor" href="/groceries/en-GB/shop/fresh-food/chilled-fish-and-seafood/cod-haddock-and-white-fish/fresh-cod" aria-label="Rest of shelf Fresh Cod" data-di-id="di-id-3e05cab0-b5e050be"><span class="styled__Text-sc-1i711qa-1 RIkWH ddsweb-link__text">Rest of shelf</span><span class="styled__IconContainer-sc-1i711qa-2 femlOX ddsweb-link__icon-container"><svg aria-hidden="true" class="styled__SVG-sc-1fqfvah-1 iGyaMX ddsweb-link__icon ddsweb-icon__svg" height="10" preserveAspectRatio="xMinYMax meet" viewBox="-1 0 12 20" width="6" xmlns="http://www.w3.org/2000/svg" color="currentColor" data-di-res-id="9c8cf015-9c997893" data-di-rand="1749971260965"><path d="M1.312 1.348L10.276 10l-8.964 8.644" fill="none" stroke="currentColor"></path></svg></span></a></div><div class="styled__StyledPromotionsContainer-sc-t48uy4-4 iFrZAf"></div><div class="styled__StyledBuyBoxContainer-sc-t48uy4-3 jYiGsR SYzVz" orientation="vertical"><div class="base-components__RootElement-sc-150pv2j-1 styled__Container-sc-159tobh-0 gUUOsR cyGXML gmbSL ddsweb-buybox__container"><div class="base-components__BaseElement-sc-150pv2j-0 styled__PriceAndActions-sc-159tobh-3 iwUsaJ hyWgI ddsweb-buybox__price-and-actions"><div class="styled__StyledPriceContainer-sc-159tobh-5 kpODmQ"><div class="base-components__RootElement-sc-150pv2j-1 styled__Container-sc-v0qv7n-0 gUUOsR dECJWY ddsweb-buybox__price ddsweb-price__container"><p class="text__StyledText-sc-1jpzi8m-0 gyHOWz ddsweb-text styled__PriceText-sc-v0qv7n-1 cXlRF">£4.25</p><p class="text__StyledText-sc-1jpzi8m-0 kiGrpI ddsweb-text styled__Subtext-sc-v0qv7n-2 kLkheV ddsweb-price__subtext">£16.67/kg</p></div></div><div class="base-components__RootElement-sc-150pv2j-1 styled__Container-sc-195yncy-0 gUUOsR fGLoHO ddsweb-buybox__actions ddsweb-quantity-controls__container"><div class="base-components__RootElement-sc-150pv2j-1 styled__Container-sc-1rbigln-0 gUUOsR jjKXIy styled__StyledFormGroup-sc-195yncy-1 ldxiiI ddsweb-quantity-controls__form-group ddsweb-form-group__container"><label class="styled__StyledLabel-sc-1bpek9-0 CsZQe styled__StyledLabel-sc-1rbigln-2 eaqwEU ddsweb-form-group__label ddsweb-label" for="quantity-controls-289553605">Quantity controls, undefined</label><div class="base-components__BaseElement-sc-150pv2j-0 styled__Children-sc-1rbigln-5 iwUsaJ csugvD ddsweb-form-group__children"><div class="styled__StyledQuantityControlWrapper-sc-195yncy-6 lbTVkV"><label id="quantity-controls-289553605-label" class="styled__VisuallyHiddenLabel-sc-195yncy-7 bflMtB">Quantity of Tesco Lightly Dusted Cod Fillets 255G</label><div class="component__Wrapper-sc-19wd3h0-3 kiZcNf input-wrapper"><input class="base-components__RootElement-sc-150pv2j-1 styled__StyledInput-sc-7h0jvk-0 component__StyledAsInput-sc-19wd3h0-4 gUUOsR hlAFFt styled__StyledInput-sc-195yncy-3 jPiMHf ddsweb-quantity-controls__input ddsweb-input" data-auto="ddsweb-quantity-controls-input" autocomplete="off" id="quantity-controls-289553605" maxlength="2" type="number" aria-labelledby="quantity-controls-289553605-label" value="1" data-di-id="#quantity-controls-289553605"></div></div><button class="styled__StyledTextButton-sc-8hxn3m-0 bjIvKR styled__StyledButton-sc-195yncy-5 jUbPrY ddsweb-quantity-controls__add-button ddsweb-button ddsweb-button--text-button" type="submit" data-auto="ddsweb-quantity-controls-add-button" aria-label="add 1 Tesco Lightly Dusted Cod Fillets 255G" data-di-id="di-id-21e0a446-f41aa0d9"><span class="shared-containers__StyledInnerContainer-sc-93ev6e-2 gplLQL ddsweb-button__inner-container">Add</span></button></div></div></div></div></div></div><div class="styled__StyledMessagingContainer-sc-t48uy4-5 jHhxvV" orientation="vertical"></div></div></div></li><li data-testid="292916835" class="WL_DZ" data-auto-available="true"><div class="_ecrj"><div class="styled__StyledVerticalTile-sc-1r1v9f3-1 LihIl"><div class="woiNV"></div><div class="styled__StyledImageContainer-sc-t48uy4-0 bixZuE KZ_O1"><a class="styled__ImageContainer-sc-1fweb41-0 irjUEM" href="/groceries/en-GB/products/292916835" aria-hidden="true" tabindex="-1" data-testid="imageContainer_292916835" data-di-id="di-id-745e762e-4c24a603"><img alt="" aria-label="" orientation="vertical" src="https://digitalcontent.api.tesco.com/v2/media/ghs/c50b187c-43f0-4ee7-ad33-fccd70692760/1addd8ae-01bc-45a3-bd85-96fd6b46244a.jpeg?h=225&amp;w=225" loading="lazy" data-testid="imageElement_292916835" class="styled__StyledImage-sc-1fweb41-1 hCXoFX"></a></div><div class="styled__StyledTitleContainer-sc-t48uy4-1 hmpPZn"><h2 class="component__StyledHeading-sc-1t0ixqu-0 iDJPjF ddsweb-heading styled-sc-mz7xly-0 kXoSwE styled__StyledTitle-sc-1a6zg7t-0 etoGWB b_hC4 ddsweb-title-link__container"><a class="styled__Anchor-sc-1i711qa-0 gRXcDF ddsweb-title-link__link ddsweb-link__anchor" href="/groceries/en-GB/products/292916835" aria-label="Tesco 2 Boneless Cod Fillets 280G" data-di-id="di-id-799bdb7e-3af28cbe"><span class="styled__Text-sc-1i711qa-1 bsLJsh ddsweb-link__text">Tesco 2 Boneless Cod Fillets 280G</span></a></h2></div><div class="zWmtM"><div class="styled__StyledNonInteractiveContainer-sc-1de15j6-7 klymXO ddsweb-rating__container" data-testid="star-rating" aria-label="Average customer rating 2.4 out of 5 stars"><svg class="ddsweb-rating__icon-active" aria-hidden="true" xmlns="http://www.w3.org/2000/svg" width="12" height="12" viewBox="0 0 12 12" fill="none" data-di-res-id="9c8cf015-5e3bdb5e" data-di-rand="1749971260965"><path fill="var(--ddsweb-theme-colors-tesco-blue, #00539f)" stroke="var(--ddsweb-theme-colors-grayscale, #666666)" d="M6.24228 9.51529L6 9.38108L5.75772 9.51529L2.9631 11.0633L3.50417 7.74036L3.54466 7.49166L3.36886 7.31115L1.03607 4.91585L4.23368 4.42624L4.49754 4.38584L4.61078 4.14411L6 1.17863L7.38922 4.14411L7.50246 4.38584L7.76632 4.42624L10.9639 4.91585L8.63114 7.31115L8.45534 7.49166L8.49583 7.74035L9.0369 11.0633L6.24228 9.51529Z"></path></svg><svg class="ddsweb-rating__icon-active" aria-hidden="true" xmlns="http://www.w3.org/2000/svg" width="12" height="12" viewBox="0 0 12 12" fill="none" data-di-res-id="9c8cf015-9e6381" data-di-rand="1749971260965"><path fill="var(--ddsweb-theme-colors-tesco-blue, #00539f)" stroke="var(--ddsweb-theme-colors-grayscale, #666666)" d="M6.24228 9.51529L6 9.38108L5.75772 9.51529L2.9631 11.0633L3.50417 7.74036L3.54466 7.49166L3.36886 7.31115L1.03607 4.91585L4.23368 4.42624L4.49754 4.38584L4.61078 4.14411L6 1.17863L7.38922 4.14411L7.50246 4.38584L7.76632 4.42624L10.9639 4.91585L8.63114 7.31115L8.45534 7.49166L8.49583 7.74035L9.0369 11.0633L6.24228 9.51529Z"></path></svg><svg class="ddsweb-rating__icon-half-active" aria-hidden="true" xmlns="http://www.w3.org/2000/svg" width="12" height="12" viewBox="0 0 12 12" fill="none" data-di-res-id="9c8cf015-9d63d834" data-di-rand="1749971260965"><g clip-path="url(#clip0_1_2)"><path d="M6.24228 9.51529L6 9.38108L5.75772 9.51529L2.9631 11.0633L3.50417 7.74036L3.54466 7.49166L3.36886 7.31115L1.03607 4.91585L4.23368 4.42624L4.49754 4.38584L4.61078 4.14411L6 1.17863L7.38922 4.14411L7.50246 4.38584L7.76632 4.42624L10.9639 4.91585L8.63114 7.31115L8.45534 7.49166L8.49583 7.74036L9.0369 11.0633L6.24228 9.51529Z" fill="var(--ddsweb-theme-colors-tesco-blue, #00539f)"></path><path fill-rule="evenodd" clip-rule="evenodd" d="M6 9.95267V0L7.842 3.932L12 4.56867L8.98933 7.66L9.696 12L6 9.95267Z" fill="var(--ddsweb-theme-colors-white, #ffffff)"></path></g><path stroke="var(--ddsweb-theme-colors-grayscale, #666666)" d="M6.24228 9.51529L6 9.38108L5.75772 9.51529L2.9631 11.0633L3.50417 7.74036L3.54466 7.49166L3.36886 7.31115L1.03607 4.91585L4.23368 4.42624L4.49754 4.38584L4.61078 4.14411L6 1.17863L7.38922 4.14411L7.50246 4.38584L7.76632 4.42624L10.9639 4.91585L8.63114 7.31115L8.45534 7.49166L8.49583 7.74035L9.0369 11.0633L6.24228 9.51529Z"></path><defs><clipPath id="clip0_1_2"><rect width="12" height="12" fill="white"></rect></clipPath></defs></svg><svg class="ddsweb-rating__icon-inactive" aria-hidden="true" xmlns="http://www.w3.org/2000/svg" width="12" height="12" viewBox="0 0 12 12" fill="none" data-di-res-id="999ab73a-cb5b0c01" data-di-rand="1749971260965"><path fill="var(--ddsweb-theme-colors-white, #ffffff)" stroke="var(--ddsweb-theme-colors-grayscale, #666666)" d="M6.24228 9.51529L6 9.38108L5.75772 9.51529L2.9631 11.0633L3.50417 7.74036L3.54466 7.49166L3.36886 7.31115L1.03607 4.91585L4.23368 4.42624L4.49754 4.38584L4.61078 4.14411L6 1.17863L7.38922 4.14411L7.50246 4.38584L7.76632 4.42624L10.9639 4.91585L8.63114 7.31115L8.45534 7.49166L8.49583 7.74035L9.0369 11.0633L6.24228 9.51529Z"></path></svg><svg class="ddsweb-rating__icon-inactive" aria-hidden="true" xmlns="http://www.w3.org/2000/svg" width="12" height="12" viewBox="0 0 12 12" fill="none" data-di-res-id="8a9ccccc-f46972db" data-di-rand="1749971260965"><path fill="var(--ddsweb-theme-colors-white, #ffffff)" stroke="var(--ddsweb-theme-colors-grayscale, #666666)" d="M6.24228 9.51529L6 9.38108L5.75772 9.51529L2.9631 11.0633L3.50417 7.74036L3.54466 7.49166L3.36886 7.31115L1.03607 4.91585L4.23368 4.42624L4.49754 4.38584L4.61078 4.14411L6 1.17863L7.38922 4.14411L7.50246 4.38584L7.76632 4.42624L10.9639 4.91585L8.63114 7.31115L8.45534 7.49166L8.49583 7.74035L9.0369 11.0633L6.24228 9.51529Z"></path></svg><p class="text__StyledText-sc-1jpzi8m-0 kiGrpI ddsweb-text styled__StyledHint-sc-1de15j6-8 MfAbW ddsweb-rating__hint">2.4 (73)</p></div></div><div class="styled__StyledVariationsContainer-sc-t48uy4-13 bDZUAH"></div><div class="styled__StyledDeliveryMessageContainer-sc-t48uy4-7 hhgAvL"></div><div class="styled__StyledDetailsContainer-sc-t48uy4-2 dMquZm" orientation="vertical"><a class="styled__Anchor-sc-1i711qa-0 lfiJmH styled__StyledLink-sc-k2gmo0-0 iktlRk ddsweb-link__anchor" href="/groceries/en-GB/reviews/submission/292916835" data-di-id="di-id-5538334c-73404d24"><span class="styled__Text-sc-1i711qa-1 RIkWH ddsweb-link__text">Write a review</span><span class="styled__IconContainer-sc-1i711qa-2 femlOX ddsweb-link__icon-container"><svg aria-hidden="true" class="styled__SVG-sc-1fqfvah-1 iGyaMX ddsweb-link__icon ddsweb-icon__svg" height="10" preserveAspectRatio="xMinYMax meet" viewBox="-1 0 12 20" width="6" xmlns="http://www.w3.org/2000/svg" color="currentColor" data-di-res-id="9c8cf015-8227f050" data-di-rand="1749971260965"><path d="M1.312 1.348L10.276 10l-8.964 8.644" fill="none" stroke="currentColor"></path></svg></span></a><a class="styled__Anchor-sc-1i711qa-0 lfiJmH styled__StyledLink-sc-1ylrywh-0 joIFCQ ddsweb-link__anchor" href="/groceries/en-GB/shop/fresh-food/chilled-fish-and-seafood/cod-haddock-and-white-fish/fresh-cod" aria-label="Rest of shelf Fresh Cod" data-di-id="di-id-3e05cab0-36b9c0d6"><span class="styled__Text-sc-1i711qa-1 RIkWH ddsweb-link__text">Rest of shelf</span><span class="styled__IconContainer-sc-1i711qa-2 femlOX ddsweb-link__icon-container"><svg aria-hidden="true" class="styled__SVG-sc-1fqfvah-1 iGyaMX ddsweb-link__icon ddsweb-icon__svg" height="10" preserveAspectRatio="xMinYMax meet" viewBox="-1 0 12 20" width="6" xmlns="http://www.w3.org/2000/svg" color="currentColor" data-di-res-id="9c8cf015-a9ea1dd3" data-di-rand="1749971260965"><path d="M1.312 1.348L10.276 10l-8.964 8.644" fill="none" stroke="currentColor"></path></svg></span></a></div><div class="styled__StyledPromotionsContainer-sc-t48uy4-4 iFrZAf"></div><div class="styled__StyledBuyBoxContainer-sc-t48uy4-3 jYiGsR SYzVz" orientation="vertical"><div class="base-components__RootElement-sc-150pv2j-1 styled__Container-sc-159tobh-0 gUUOsR cyGXML gmbSL ddsweb-buybox__container"><div class="base-components__BaseElement-sc-150pv2j-0 styled__PriceAndActions-sc-159tobh-3 iwUsaJ hyWgI ddsweb-buybox__price-and-actions"><div class="styled__StyledPriceContainer-sc-159tobh-5 kpODmQ"><div class="base-components__RootElement-sc-150pv2j-1 styled__Container-sc-v0qv7n-0 gUUOsR dECJWY ddsweb-buybox__price ddsweb-price__container"><p class="text__StyledText-sc-1jpzi8m-0 gyHOWz ddsweb-text styled__PriceText-sc-v0qv7n-1 cXlRF">£5.90</p><p class="text__StyledText-sc-1jpzi8m-0 kiGrpI ddsweb-text styled__Subtext-sc-v0qv7n-2 kLkheV ddsweb-price__subtext">£21.07/kg</p></div></div><div class="base-components__RootElement-sc-150pv2j-1 styled__Container-sc-195yncy-0 gUUOsR fGLoHO ddsweb-buybox__actions ddsweb-quantity-controls__container"><div class="base-components__RootElement-sc-150pv2j-1 styled__Container-sc-1rbigln-0 gUUOsR jjKXIy styled__StyledFormGroup-sc-195yncy-1 ldxiiI ddsweb-quantity-controls__form-group ddsweb-form-group__container"><label class="styled__StyledLabel-sc-1bpek9-0 CsZQe styled__StyledLabel-sc-1rbigln-2 eaqwEU ddsweb-form-group__label ddsweb-label" for="quantity-controls-292916835">Quantity controls, undefined</label><div class="base-components__BaseElement-sc-150pv2j-0 styled__Children-sc-1rbigln-5 iwUsaJ csugvD ddsweb-form-group__children"><div class="styled__StyledQuantityControlWrapper-sc-195yncy-6 lbTVkV"><label id="quantity-controls-292916835-label" class="styled__VisuallyHiddenLabel-sc-195yncy-7 bflMtB">Quantity of Tesco 2 Boneless Cod Fillets 280G</label><div class="component__Wrapper-sc-19wd3h0-3 kiZcNf input-wrapper"><input class="base-components__RootElement-sc-150pv2j-1 styled__StyledInput-sc-7h0jvk-0 component__StyledAsInput-sc-19wd3h0-4 gUUOsR hlAFFt styled__StyledInput-sc-195yncy-3 jPiMHf ddsweb-quantity-controls__input ddsweb-input" data-auto="ddsweb-quantity-controls-input" autocomplete="off" id="quantity-controls-292916835" maxlength="2" type="number" aria-labelledby="quantity-controls-292916835-label" value="1" data-di-id="#quantity-controls-292916835"></div></div><button class="styled__StyledTextButton-sc-8hxn3m-0 bjIvKR styled__StyledButton-sc-195yncy-5 jUbPrY ddsweb-quantity-controls__add-button ddsweb-button ddsweb-button--text-button" type="submit" data-auto="ddsweb-quantity-controls-add-button" aria-label="add 1 Tesco 2 Boneless Cod Fillets 280G" data-di-id="di-id-21e0a446-831d904f"><span class="shared-containers__StyledInnerContainer-sc-93ev6e-2 gplLQL ddsweb-button__inner-container">Add</span></button></div></div></div></div></div></div><div class="styled__StyledMessagingContainer-sc-t48uy4-5 jHhxvV" orientation="vertical"></div></div></div></li><li data-testid="289820635" class="WL_DZ" data-auto-available="true"><div class="_ecrj"><div class="styled__StyledVerticalTile-sc-1r1v9f3-1 LihIl"><div class="woiNV"></div><div class="styled__StyledImageContainer-sc-t48uy4-0 bixZuE KZ_O1"><a class="styled__ImageContainer-sc-1fweb41-0 irjUEM" href="/groceries/en-GB/products/289820635" aria-hidden="true" tabindex="-1" data-testid="imageContainer_289820635" data-di-id="di-id-745e762e-b598149f"><img alt="" aria-label="" orientation="vertical" src="https://digitalcontent.api.tesco.com/v2/media/ghs/c2622017-c2f5-4968-a84b-1b33516a80f0/936eeb3f-42fa-448c-a9e4-435b43c4e209.jpeg?h=225&amp;w=225" loading="lazy" data-testid="imageElement_289820635" class="styled__StyledImage-sc-1fweb41-1 hCXoFX"></a></div><div class="styled__StyledTitleContainer-sc-t48uy4-1 hmpPZn"><h2 class="component__StyledHeading-sc-1t0ixqu-0 iDJPjF ddsweb-heading styled-sc-mz7xly-0 kXoSwE styled__StyledTitle-sc-1a6zg7t-0 etoGWB b_hC4 ddsweb-title-link__container"><a class="styled__Anchor-sc-1i711qa-0 gRXcDF ddsweb-title-link__link ddsweb-link__anchor" href="/groceries/en-GB/products/289820635" aria-label="Tesco Boneless Smoked Haddock 280G" data-di-id="di-id-799bdb7e-c34e3e22"><span class="styled__Text-sc-1i711qa-1 bsLJsh ddsweb-link__text">Tesco Boneless Smoked Haddock 280G</span></a></h2></div><div class="zWmtM"><div class="styled__StyledNonInteractiveContainer-sc-1de15j6-7 klymXO ddsweb-rating__container" data-testid="star-rating" aria-label="Average customer rating 3.6 out of 5 stars"><svg class="ddsweb-rating__icon-active" aria-hidden="true" xmlns="http://www.w3.org/2000/svg" width="12" height="12" viewBox="0 0 12 12" fill="none" data-di-res-id="9c8cf015-76cbb71a" data-di-rand="1749971260965"><path fill="var(--ddsweb-theme-colors-tesco-blue, #00539f)" stroke="var(--ddsweb-theme-colors-grayscale, #666666)" d="M6.24228 9.51529L6 9.38108L5.75772 9.51529L2.9631 11.0633L3.50417 7.74036L3.54466 7.49166L3.36886 7.31115L1.03607 4.91585L4.23368 4.42624L4.49754 4.38584L4.61078 4.14411L6 1.17863L7.38922 4.14411L7.50246 4.38584L7.76632 4.42624L10.9639 4.91585L8.63114 7.31115L8.45534 7.49166L8.49583 7.74035L9.0369 11.0633L6.24228 9.51529Z"></path></svg><svg class="ddsweb-rating__icon-active" aria-hidden="true" xmlns="http://www.w3.org/2000/svg" width="12" height="12" viewBox="0 0 12 12" fill="none" data-di-res-id="9c8cf015-238ea428" data-di-rand="1749971260965"><path fill="var(--ddsweb-theme-colors-tesco-blue, #00539f)" stroke="var(--ddsweb-theme-colors-grayscale, #666666)" d="M6.24228 9.51529L6 9.38108L5.75772 9.51529L2.9631 11.0633L3.50417 7.74036L3.54466 7.49166L3.36886 7.31115L1.03607 4.91585L4.23368 4.42624L4.49754 4.38584L4.61078 4.14411L6 1.17863L7.38922 4.14411L7.50246 4.38584L7.76632 4.42624L10.9639 4.91585L8.63114 7.31115L8.45534 7.49166L8.49583 7.74035L9.0369 11.0633L6.24228 9.51529Z"></path></svg><svg class="ddsweb-rating__icon-active" aria-hidden="true" xmlns="http://www.w3.org/2000/svg" width="12" height="12" viewBox="0 0 12 12" fill="none" data-di-res-id="8a9ccccc-8d090b5a" data-di-rand="1749971260965"><path fill="var(--ddsweb-theme-colors-tesco-blue, #00539f)" stroke="var(--ddsweb-theme-colors-grayscale, #666666)" d="M6.24228 9.51529L6 9.38108L5.75772 9.51529L2.9631 11.0633L3.50417 7.74036L3.54466 7.49166L3.36886 7.31115L1.03607 4.91585L4.23368 4.42624L4.49754 4.38584L4.61078 4.14411L6 1.17863L7.38922 4.14411L7.50246 4.38584L7.76632 4.42624L10.9639 4.91585L8.63114 7.31115L8.45534 7.49166L8.49583 7.74035L9.0369 11.0633L6.24228 9.51529Z"></path></svg><svg class="ddsweb-rating__icon-half-active" aria-hidden="true" xmlns="http://www.w3.org/2000/svg" width="12" height="12" viewBox="0 0 12 12" fill="none" data-di-res-id="9c8cf015-8e6e73dd" data-di-rand="1749971260965"><g clip-path="url(#clip0_1_2)"><path d="M6.24228 9.51529L6 9.38108L5.75772 9.51529L2.9631 11.0633L3.50417 7.74036L3.54466 7.49166L3.36886 7.31115L1.03607 4.91585L4.23368 4.42624L4.49754 4.38584L4.61078 4.14411L6 1.17863L7.38922 4.14411L7.50246 4.38584L7.76632 4.42624L10.9639 4.91585L8.63114 7.31115L8.45534 7.49166L8.49583 7.74036L9.0369 11.0633L6.24228 9.51529Z" fill="var(--ddsweb-theme-colors-tesco-blue, #00539f)"></path><path fill-rule="evenodd" clip-rule="evenodd" d="M6 9.95267V0L7.842 3.932L12 4.56867L8.98933 7.66L9.696 12L6 9.95267Z" fill="var(--ddsweb-theme-colors-white, #ffffff)"></path></g><path stroke="var(--ddsweb-theme-colors-grayscale, #666666)" d="M6.24228 9.51529L6 9.38108L5.75772 9.51529L2.9631 11.0633L3.50417 7.74036L3.54466 7.49166L3.36886 7.31115L1.03607 4.91585L4.23368 4.42624L4.49754 4.38584L4.61078 4.14411L6 1.17863L7.38922 4.14411L7.50246 4.38584L7.76632 4.42624L10.9639 4.91585L8.63114 7.31115L8.45534 7.49166L8.49583 7.74035L9.0369 11.0633L6.24228 9.51529Z"></path><defs><clipPath id="clip0_1_2"><rect width="12" height="12" fill="white"></rect></clipPath></defs></svg><svg class="ddsweb-rating__icon-inactive" aria-hidden="true" xmlns="http://www.w3.org/2000/svg" width="12" height="12" viewBox="0 0 12 12" fill="none" data-di-res-id="9c8cf015-c8b08c23" data-di-rand="1749971260965"><path fill="var(--ddsweb-theme-colors-white, #ffffff)" stroke="var(--ddsweb-theme-colors-grayscale, #666666)" d="M6.24228 9.51529L6 9.38108L5.75772 9.51529L2.9631 11.0633L3.50417 7.74036L3.54466 7.49166L3.36886 7.31115L1.03607 4.91585L4.23368 4.42624L4.49754 4.38584L4.61078 4.14411L6 1.17863L7.38922 4.14411L7.50246 4.38584L7.76632 4.42624L10.9639 4.91585L8.63114 7.31115L8.45534 7.49166L8.49583 7.74035L9.0369 11.0633L6.24228 9.51529Z"></path></svg><p class="text__StyledText-sc-1jpzi8m-0 kiGrpI ddsweb-text styled__StyledHint-sc-1de15j6-8 MfAbW ddsweb-rating__hint">3.6 (143)</p></div></div><div class="styled__StyledVariationsContainer-sc-t48uy4-13 bDZUAH"></div><div class="styled__StyledDeliveryMessageContainer-sc-t48uy4-7 hhgAvL"></div><div class="styled__StyledDetailsContainer-sc-t48uy4-2 dMquZm" orientation="vertical"><a class="styled__Anchor-sc-1i711qa-0 lfiJmH styled__StyledLink-sc-k2gmo0-0 iktlRk ddsweb-link__anchor" href="/groceries/en-GB/reviews/submission/289820635" data-di-id="di-id-5538334c-8afcffb8"><span class="styled__Text-sc-1i711qa-1 RIkWH ddsweb-link__text">Write a review</span><span class="styled__IconContainer-sc-1i711qa-2 femlOX ddsweb-link__icon-container"><svg aria-hidden="true" class="styled__SVG-sc-1fqfvah-1 iGyaMX ddsweb-link__icon ddsweb-icon__svg" height="10" preserveAspectRatio="xMinYMax meet" viewBox="-1 0 12 20" width="6" xmlns="http://www.w3.org/2000/svg" color="currentColor" data-di-res-id="9c8cf015-1e0525f1" data-di-rand="1749971260965"><path d="M1.312 1.348L10.276 10l-8.964 8.644" fill="none" stroke="currentColor"></path></svg></span></a><a class="styled__Anchor-sc-1i711qa-0 lfiJmH styled__StyledLink-sc-1ylrywh-0 joIFCQ ddsweb-link__anchor" href="/groceries/en-GB/shop/fresh-food/chilled-fish-and-seafood/smoked-fish/chilled-smoked-haddock" aria-label="Rest of shelf Chilled Smoked Haddock" data-di-id="di-id-64d71bec-202982e5"><span class="styled__Text-sc-1i711qa-1 RIkWH ddsweb-link__text">Rest of shelf</span><span class="styled__IconContainer-sc-1i711qa-2 femlOX ddsweb-link__icon-container"><svg aria-hidden="true" class="styled__SVG-sc-1fqfvah-1 iGyaMX ddsweb-link__icon ddsweb-icon__svg" height="10" preserveAspectRatio="xMinYMax meet" viewBox="-1 0 12 20" width="6" xmlns="http://www.w3.org/2000/svg" color="currentColor" data-di-res-id="88da7295-7d46dd0c" data-di-rand="1749971260966"><path d="M1.312 1.348L10.276 10l-8.964 8.644" fill="none" stroke="currentColor"></path></svg></span></a></div><div class="styled__StyledPromotionsContainer-sc-t48uy4-4 iFrZAf"></div><div class="styled__StyledBuyBoxContainer-sc-t48uy4-3 jYiGsR SYzVz" orientation="vertical"><div class="base-components__RootElement-sc-150pv2j-1 styled__Container-sc-159tobh-0 gUUOsR cyGXML gmbSL ddsweb-buybox__container"><div class="base-components__BaseElement-sc-150pv2j-0 styled__PriceAndActions-sc-159tobh-3 iwUsaJ hyWgI ddsweb-buybox__price-and-actions"><div class="styled__StyledPriceContainer-sc-159tobh-5 kpODmQ"><div class="base-components__RootElement-sc-150pv2j-1 styled__Container-sc-v0qv7n-0 gUUOsR dECJWY ddsweb-buybox__price ddsweb-price__container"><p class="text__StyledText-sc-1jpzi8m-0 gyHOWz ddsweb-text styled__PriceText-sc-v0qv7n-1 cXlRF">£5.85</p><p class="text__StyledText-sc-1jpzi8m-0 kiGrpI ddsweb-text styled__Subtext-sc-v0qv7n-2 kLkheV ddsweb-price__subtext">£20.89/kg</p></div></div><div class="base-components__RootElement-sc-150pv2j-1 styled__Container-sc-195yncy-0 gUUOsR fGLoHO ddsweb-buybox__actions ddsweb-quantity-controls__container"><div class="base-components__RootElement-sc-150pv2j-1 styled__Container-sc-1rbigln-0 gUUOsR jjKXIy styled__StyledFormGroup-sc-195yncy-1 ldxiiI ddsweb-quantity-controls__form-group ddsweb-form-group__container"><label class="styled__StyledLabel-sc-1bpek9-0 CsZQe styled__StyledLabel-sc-1rbigln-2 eaqwEU ddsweb-form-group__label ddsweb-label" for="quantity-controls-289820635">Quantity controls, undefined</label><div class="base-components__BaseElement-sc-150pv2j-0 styled__Children-sc-1rbigln-5 iwUsaJ csugvD ddsweb-form-group__children"><div class="styled__StyledQuantityControlWrapper-sc-195yncy-6 lbTVkV"><label id="quantity-controls-289820635-label" class="styled__VisuallyHiddenLabel-sc-195yncy-7 bflMtB">Quantity of Tesco Boneless Smoked Haddock 280G</label><div class="component__Wrapper-sc-19wd3h0-3 kiZcNf input-wrapper"><input class="base-components__RootElement-sc-150pv2j-1 styled__StyledInput-sc-7h0jvk-0 component__StyledAsInput-sc-19wd3h0-4 gUUOsR hlAFFt styled__StyledInput-sc-195yncy-3 jPiMHf ddsweb-quantity-controls__input ddsweb-input" data-auto="ddsweb-quantity-controls-input" autocomplete="off" id="quantity-controls-289820635" maxlength="2" type="number" aria-labelledby="quantity-controls-289820635-label" value="1" data-di-id="#quantity-controls-289820635"></div></div><button class="styled__StyledTextButton-sc-8hxn3m-0 bjIvKR styled__StyledButton-sc-195yncy-5 jUbPrY ddsweb-quantity-controls__add-button ddsweb-button ddsweb-button--text-button" type="submit" data-auto="ddsweb-quantity-controls-add-button" aria-label="add 1 Tesco Boneless Smoked Haddock 280G" data-di-id="di-id-21e0a446-1d7905ec"><span class="shared-containers__StyledInnerContainer-sc-93ev6e-2 gplLQL ddsweb-button__inner-container">Add</span></button></div></div></div></div></div></div><div class="styled__StyledMessagingContainer-sc-t48uy4-5 jHhxvV" orientation="vertical"></div></div></div></li><li data-testid="266195171" class="WL_DZ" data-auto-available="true"><div class="_ecrj"><div class="styled__StyledVerticalTile-sc-1r1v9f3-1 LihIl"><div class="woiNV"></div><div class="styled__StyledImageContainer-sc-t48uy4-0 bixZuE KZ_O1"><a class="styled__ImageContainer-sc-1fweb41-0 irjUEM" href="/groceries/en-GB/products/266195171" aria-hidden="true" tabindex="-1" data-testid="imageContainer_266195171" data-di-id="di-id-745e762e-326d604"><img alt="" aria-label="" orientation="vertical" src="https://digitalcontent.api.tesco.com/v2/media/ghs/af02f20e-468f-4154-a61e-29c86d842747/ab7626c5-59c7-47b4-9304-89f4952c6fa0.jpeg?h=225&amp;w=225" loading="lazy" data-testid="imageElement_266195171" class="styled__StyledImage-sc-1fweb41-1 hCXoFX"></a></div><div class="styled__StyledTitleContainer-sc-t48uy4-1 hmpPZn"><h2 class="component__StyledHeading-sc-1t0ixqu-0 iDJPjF ddsweb-heading styled-sc-mz7xly-0 kXoSwE styled__StyledTitle-sc-1a6zg7t-0 etoGWB b_hC4 ddsweb-title-link__container"><a class="styled__Anchor-sc-1i711qa-0 gRXcDF ddsweb-title-link__link ddsweb-link__anchor" href="/groceries/en-GB/products/266195171" aria-label="Tesco 4 Breaded Cod Fillets 500G" data-di-id="di-id-799bdb7e-75f0fcb9"><span class="styled__Text-sc-1i711qa-1 bsLJsh ddsweb-link__text">Tesco 4 Breaded Cod Fillets 500G</span></a></h2></div><div class="zWmtM"><div class="styled__StyledNonInteractiveContainer-sc-1de15j6-7 klymXO ddsweb-rating__container" data-testid="star-rating" aria-label="Average customer rating 3.5 out of 5 stars"><svg class="ddsweb-rating__icon-active" aria-hidden="true" xmlns="http://www.w3.org/2000/svg" width="12" height="12" viewBox="0 0 12 12" fill="none" data-di-res-id="8e395ffb-592cb3a6" data-di-rand="1749971260966"><path fill="var(--ddsweb-theme-colors-tesco-blue, #00539f)" stroke="var(--ddsweb-theme-colors-grayscale, #666666)" d="M6.24228 9.51529L6 9.38108L5.75772 9.51529L2.9631 11.0633L3.50417 7.74036L3.54466 7.49166L3.36886 7.31115L1.03607 4.91585L4.23368 4.42624L4.49754 4.38584L4.61078 4.14411L6 1.17863L7.38922 4.14411L7.50246 4.38584L7.76632 4.42624L10.9639 4.91585L8.63114 7.31115L8.45534 7.49166L8.49583 7.74035L9.0369 11.0633L6.24228 9.51529Z"></path></svg><svg class="ddsweb-rating__icon-active" aria-hidden="true" xmlns="http://www.w3.org/2000/svg" width="12" height="12" viewBox="0 0 12 12" fill="none" data-di-res-id="8e395ffb-35dbdb0d" data-di-rand="1749971260966"><path fill="var(--ddsweb-theme-colors-tesco-blue, #00539f)" stroke="var(--ddsweb-theme-colors-grayscale, #666666)" d="M6.24228 9.51529L6 9.38108L5.75772 9.51529L2.9631 11.0633L3.50417 7.74036L3.54466 7.49166L3.36886 7.31115L1.03607 4.91585L4.23368 4.42624L4.49754 4.38584L4.61078 4.14411L6 1.17863L7.38922 4.14411L7.50246 4.38584L7.76632 4.42624L10.9639 4.91585L8.63114 7.31115L8.45534 7.49166L8.49583 7.74035L9.0369 11.0633L6.24228 9.51529Z"></path></svg><svg class="ddsweb-rating__icon-active" aria-hidden="true" xmlns="http://www.w3.org/2000/svg" width="12" height="12" viewBox="0 0 12 12" fill="none" data-di-res-id="8e395ffb-c6bffaf8" data-di-rand="1749971260966"><path fill="var(--ddsweb-theme-colors-tesco-blue, #00539f)" stroke="var(--ddsweb-theme-colors-grayscale, #666666)" d="M6.24228 9.51529L6 9.38108L5.75772 9.51529L2.9631 11.0633L3.50417 7.74036L3.54466 7.49166L3.36886 7.31115L1.03607 4.91585L4.23368 4.42624L4.49754 4.38584L4.61078 4.14411L6 1.17863L7.38922 4.14411L7.50246 4.38584L7.76632 4.42624L10.9639 4.91585L8.63114 7.31115L8.45534 7.49166L8.49583 7.74035L9.0369 11.0633L6.24228 9.51529Z"></path></svg><svg class="ddsweb-rating__icon-half-active" aria-hidden="true" xmlns="http://www.w3.org/2000/svg" width="12" height="12" viewBox="0 0 12 12" fill="none" data-di-res-id="8e395ffb-f175e2b8" data-di-rand="1749971260966"><g clip-path="url(#clip0_1_2)"><path d="M6.24228 9.51529L6 9.38108L5.75772 9.51529L2.9631 11.0633L3.50417 7.74036L3.54466 7.49166L3.36886 7.31115L1.03607 4.91585L4.23368 4.42624L4.49754 4.38584L4.61078 4.14411L6 1.17863L7.38922 4.14411L7.50246 4.38584L7.76632 4.42624L10.9639 4.91585L8.63114 7.31115L8.45534 7.49166L8.49583 7.74036L9.0369 11.0633L6.24228 9.51529Z" fill="var(--ddsweb-theme-colors-tesco-blue, #00539f)"></path><path fill-rule="evenodd" clip-rule="evenodd" d="M6 9.95267V0L7.842 3.932L12 4.56867L8.98933 7.66L9.696 12L6 9.95267Z" fill="var(--ddsweb-theme-colors-white, #ffffff)"></path></g><path stroke="var(--ddsweb-theme-colors-grayscale, #666666)" d="M6.24228 9.51529L6 9.38108L5.75772 9.51529L2.9631 11.0633L3.50417 7.74036L3.54466 7.49166L3.36886 7.31115L1.03607 4.91585L4.23368 4.42624L4.49754 4.38584L4.61078 4.14411L6 1.17863L7.38922 4.14411L7.50246 4.38584L7.76632 4.42624L10.9639 4.91585L8.63114 7.31115L8.45534 7.49166L8.49583 7.74035L9.0369 11.0633L6.24228 9.51529Z"></path><defs><clipPath id="clip0_1_2"><rect width="12" height="12" fill="white"></rect></clipPath></defs></svg><svg class="ddsweb-rating__icon-inactive" aria-hidden="true" xmlns="http://www.w3.org/2000/svg" width="12" height="12" viewBox="0 0 12 12" fill="none" data-di-res-id="88da7295-edbe343c" data-di-rand="1749971260966"><path fill="var(--ddsweb-theme-colors-white, #ffffff)" stroke="var(--ddsweb-theme-colors-grayscale, #666666)" d="M6.24228 9.51529L6 9.38108L5.75772 9.51529L2.9631 11.0633L3.50417 7.74036L3.54466 7.49166L3.36886 7.31115L1.03607 4.91585L4.23368 4.42624L4.49754 4.38584L4.61078 4.14411L6 1.17863L7.38922 4.14411L7.50246 4.38584L7.76632 4.42624L10.9639 4.91585L8.63114 7.31115L8.45534 7.49166L8.49583 7.74035L9.0369 11.0633L6.24228 9.51529Z"></path></svg><p class="text__StyledText-sc-1jpzi8m-0 kiGrpI ddsweb-text styled__StyledHint-sc-1de15j6-8 MfAbW ddsweb-rating__hint">3.5 (70)</p></div></div><div class="styled__StyledVariationsContainer-sc-t48uy4-13 bDZUAH"></div><div class="styled__StyledDeliveryMessageContainer-sc-t48uy4-7 hhgAvL"></div><div class="styled__StyledDetailsContainer-sc-t48uy4-2 dMquZm" orientation="vertical"><a class="styled__Anchor-sc-1i711qa-0 lfiJmH styled__StyledLink-sc-k2gmo0-0 iktlRk ddsweb-link__anchor" href="/groceries/en-GB/reviews/submission/266195171" data-di-id="di-id-5538334c-3c423d23"><span class="styled__Text-sc-1i711qa-1 RIkWH ddsweb-link__text">Write a review</span><span class="styled__IconContainer-sc-1i711qa-2 femlOX ddsweb-link__icon-container"><svg aria-hidden="true" class="styled__SVG-sc-1fqfvah-1 iGyaMX ddsweb-link__icon ddsweb-icon__svg" height="10" preserveAspectRatio="xMinYMax meet" viewBox="-1 0 12 20" width="6" xmlns="http://www.w3.org/2000/svg" color="currentColor" data-di-res-id="8e395ffb-9ba712cd" data-di-rand="1749971260966"><path d="M1.312 1.348L10.276 10l-8.964 8.644" fill="none" stroke="currentColor"></path></svg></span></a><a class="styled__Anchor-sc-1i711qa-0 lfiJmH styled__StyledLink-sc-1ylrywh-0 joIFCQ ddsweb-link__anchor" href="/groceries/en-GB/shop/frozen-food/fish-and-seafood/coated-fish/frozen-breaded-fish" aria-label="Rest of shelf Frozen Breaded Fish" data-di-id="di-id-a7b8cd1c-d30a409"><span class="styled__Text-sc-1i711qa-1 RIkWH ddsweb-link__text">Rest of shelf</span><span class="styled__IconContainer-sc-1i711qa-2 femlOX ddsweb-link__icon-container"><svg aria-hidden="true" class="styled__SVG-sc-1fqfvah-1 iGyaMX ddsweb-link__icon ddsweb-icon__svg" height="10" preserveAspectRatio="xMinYMax meet" viewBox="-1 0 12 20" width="6" xmlns="http://www.w3.org/2000/svg" color="currentColor" data-di-res-id="8e395ffb-7dc5ab43" data-di-rand="1749971260966"><path d="M1.312 1.348L10.276 10l-8.964 8.644" fill="none" stroke="currentColor"></path></svg></span></a></div><div class="styled__StyledPromotionsContainer-sc-t48uy4-4 iFrZAf"></div><div class="styled__StyledBuyBoxContainer-sc-t48uy4-3 jYiGsR SYzVz" orientation="vertical"><div class="base-components__RootElement-sc-150pv2j-1 styled__Container-sc-159tobh-0 gUUOsR cyGXML gmbSL ddsweb-buybox__container"><div class="base-components__BaseElement-sc-150pv2j-0 styled__PriceAndActions-sc-159tobh-3 iwUsaJ hyWgI ddsweb-buybox__price-and-actions"><div class="styled__StyledPriceContainer-sc-159tobh-5 kpODmQ"><div class="base-components__RootElement-sc-150pv2j-1 styled__Container-sc-v0qv7n-0 gUUOsR dECJWY ddsweb-buybox__price ddsweb-price__container"><p class="text__StyledText-sc-1jpzi8m-0 gyHOWz ddsweb-text styled__PriceText-sc-v0qv7n-1 cXlRF">£3.39</p><p class="text__StyledText-sc-1jpzi8m-0 kiGrpI ddsweb-text styled__Subtext-sc-v0qv7n-2 kLkheV ddsweb-price__subtext">£6.78/kg</p></div></div><div class="base-components__RootElement-sc-150pv2j-1 styled__Container-sc-195yncy-0 gUUOsR fGLoHO ddsweb-buybox__actions ddsweb-quantity-controls__container"><div class="base-components__RootElement-sc-150pv2j-1 styled__Container-sc-1rbigln-0 gUUOsR jjKXIy styled__StyledFormGroup-sc-195yncy-1 ldxiiI ddsweb-quantity-controls__form-group ddsweb-form-group__container"><label class="styled__StyledLabel-sc-1bpek9-0 CsZQe styled__StyledLabel-sc-1rbigln-2 eaqwEU ddsweb-form-group__label ddsweb-label" for="quantity-controls-266195171">Quantity controls, undefined</label><div class="base-components__BaseElement-sc-150pv2j-0 styled__Children-sc-1rbigln-5 iwUsaJ csugvD ddsweb-form-group__children"><div class="styled__StyledQuantityControlWrapper-sc-195yncy-6 lbTVkV"><label id="quantity-controls-266195171-label" class="styled__VisuallyHiddenLabel-sc-195yncy-7 bflMtB">Quantity of Tesco 4 Breaded Cod Fillets 500G</label><div class="component__Wrapper-sc-19wd3h0-3 kiZcNf input-wrapper"><input class="base-components__RootElement-sc-150pv2j-1 styled__StyledInput-sc-7h0jvk-0 component__StyledAsInput-sc-19wd3h0-4 gUUOsR hlAFFt styled__StyledInput-sc-195yncy-3 jPiMHf ddsweb-quantity-controls__input ddsweb-input" data-auto="ddsweb-quantity-controls-input" autocomplete="off" id="quantity-controls-266195171" maxlength="2" type="number" aria-labelledby="quantity-controls-266195171-label" value="1" data-di-id="#quantity-controls-266195171"></div></div><button class="styled__StyledTextButton-sc-8hxn3m-0 bjIvKR styled__StyledButton-sc-195yncy-5 jUbPrY ddsweb-quantity-controls__add-button ddsweb-button ddsweb-button--text-button" type="submit" data-auto="ddsweb-quantity-controls-add-button" aria-label="add 1 Tesco 4 Breaded Cod Fillets 500G" data-di-id="di-id-21e0a446-6a7e357a"><span class="shared-containers__StyledInnerContainer-sc-93ev6e-2 gplLQL ddsweb-button__inner-container">Add</span></button></div></div></div></div></div></div><div class="styled__StyledMessagingContainer-sc-t48uy4-5 jHhxvV" orientation="vertical"></div></div></div></li><li data-testid="289708202" class="WL_DZ" data-auto-available="true"><div class="_ecrj"><div class="styled__StyledVerticalTile-sc-1r1v9f3-1 LihIl"><div class="woiNV"></div><div class="styled__StyledImageContainer-sc-t48uy4-0 bixZuE KZ_O1"><a class="styled__ImageContainer-sc-1fweb41-0 irjUEM" href="/groceries/en-GB/products/289708202" aria-hidden="true" tabindex="-1" data-testid="imageContainer_289708202" data-di-id="di-id-745e762e-f50e8adc"><img alt="" aria-label="" orientation="vertical" src="https://digitalcontent.api.tesco.com/v2/media/ghs/d8e7a5c3-b735-4151-8ac8-2cd856c9c37f/f59d9ebf-15d5-4613-b10b-5bf3c11bd69f.jpeg?h=225&amp;w=225" loading="lazy" data-testid="imageElement_289708202" class="styled__StyledImage-sc-1fweb41-1 hCXoFX"></a></div><div class="styled__StyledTitleContainer-sc-t48uy4-1 hmpPZn"><h2 class="component__StyledHeading-sc-1t0ixqu-0 iDJPjF ddsweb-heading styled-sc-mz7xly-0 kXoSwE styled__StyledTitle-sc-1a6zg7t-0 etoGWB b_hC4 ddsweb-title-link__container"><a class="styled__Anchor-sc-1i711qa-0 gRXcDF ddsweb-title-link__link ddsweb-link__anchor" href="/groceries/en-GB/products/289708202" aria-label="Tesco Battered Cod Fillet Bites 200G" data-di-id="di-id-799bdb7e-83d8a061"><span class="styled__Text-sc-1i711qa-1 bsLJsh ddsweb-link__text">Tesco Battered Cod Fillet Bites 200G</span></a></h2></div><div class="zWmtM"><div class="styled__StyledNonInteractiveContainer-sc-1de15j6-7 klymXO ddsweb-rating__container" data-testid="star-rating" aria-label="Average customer rating 4.5 out of 5 stars"><svg class="ddsweb-rating__icon-active" aria-hidden="true" xmlns="http://www.w3.org/2000/svg" width="12" height="12" viewBox="0 0 12 12" fill="none" data-di-res-id="8e395ffb-6c42f8c" data-di-rand="1749971260966"><path fill="var(--ddsweb-theme-colors-tesco-blue, #00539f)" stroke="var(--ddsweb-theme-colors-grayscale, #666666)" d="M6.24228 9.51529L6 9.38108L5.75772 9.51529L2.9631 11.0633L3.50417 7.74036L3.54466 7.49166L3.36886 7.31115L1.03607 4.91585L4.23368 4.42624L4.49754 4.38584L4.61078 4.14411L6 1.17863L7.38922 4.14411L7.50246 4.38584L7.76632 4.42624L10.9639 4.91585L8.63114 7.31115L8.45534 7.49166L8.49583 7.74035L9.0369 11.0633L6.24228 9.51529Z"></path></svg><svg class="ddsweb-rating__icon-active" aria-hidden="true" xmlns="http://www.w3.org/2000/svg" width="12" height="12" viewBox="0 0 12 12" fill="none" data-di-res-id="3685389e-f8191dd" data-di-rand="1749971260967"><path fill="var(--ddsweb-theme-colors-tesco-blue, #00539f)" stroke="var(--ddsweb-theme-colors-grayscale, #666666)" d="M6.24228 9.51529L6 9.38108L5.75772 9.51529L2.9631 11.0633L3.50417 7.74036L3.54466 7.49166L3.36886 7.31115L1.03607 4.91585L4.23368 4.42624L4.49754 4.38584L4.61078 4.14411L6 1.17863L7.38922 4.14411L7.50246 4.38584L7.76632 4.42624L10.9639 4.91585L8.63114 7.31115L8.45534 7.49166L8.49583 7.74035L9.0369 11.0633L6.24228 9.51529Z"></path></svg><svg class="ddsweb-rating__icon-active" aria-hidden="true" xmlns="http://www.w3.org/2000/svg" width="12" height="12" viewBox="0 0 12 12" fill="none" data-di-res-id="e35ae45a-a74caa72" data-di-rand="1749971260967"><path fill="var(--ddsweb-theme-colors-tesco-blue, #00539f)" stroke="var(--ddsweb-theme-colors-grayscale, #666666)" d="M6.24228 9.51529L6 9.38108L5.75772 9.51529L2.9631 11.0633L3.50417 7.74036L3.54466 7.49166L3.36886 7.31115L1.03607 4.91585L4.23368 4.42624L4.49754 4.38584L4.61078 4.14411L6 1.17863L7.38922 4.14411L7.50246 4.38584L7.76632 4.42624L10.9639 4.91585L8.63114 7.31115L8.45534 7.49166L8.49583 7.74035L9.0369 11.0633L6.24228 9.51529Z"></path></svg><svg class="ddsweb-rating__icon-active" aria-hidden="true" xmlns="http://www.w3.org/2000/svg" width="12" height="12" viewBox="0 0 12 12" fill="none" data-di-res-id="3685389e-4c19c7a3" data-di-rand="1749971260967"><path fill="var(--ddsweb-theme-colors-tesco-blue, #00539f)" stroke="var(--ddsweb-theme-colors-grayscale, #666666)" d="M6.24228 9.51529L6 9.38108L5.75772 9.51529L2.9631 11.0633L3.50417 7.74036L3.54466 7.49166L3.36886 7.31115L1.03607 4.91585L4.23368 4.42624L4.49754 4.38584L4.61078 4.14411L6 1.17863L7.38922 4.14411L7.50246 4.38584L7.76632 4.42624L10.9639 4.91585L8.63114 7.31115L8.45534 7.49166L8.49583 7.74035L9.0369 11.0633L6.24228 9.51529Z"></path></svg><svg class="ddsweb-rating__icon-half-active" aria-hidden="true" xmlns="http://www.w3.org/2000/svg" width="12" height="12" viewBox="0 0 12 12" fill="none" data-di-res-id="3685389e-46056926" data-di-rand="1749971260967"><g clip-path="url(#clip0_1_2)"><path d="M6.24228 9.51529L6 9.38108L5.75772 9.51529L2.9631 11.0633L3.50417 7.74036L3.54466 7.49166L3.36886 7.31115L1.03607 4.91585L4.23368 4.42624L4.49754 4.38584L4.61078 4.14411L6 1.17863L7.38922 4.14411L7.50246 4.38584L7.76632 4.42624L10.9639 4.91585L8.63114 7.31115L8.45534 7.49166L8.49583 7.74036L9.0369 11.0633L6.24228 9.51529Z" fill="var(--ddsweb-theme-colors-tesco-blue, #00539f)"></path><path fill-rule="evenodd" clip-rule="evenodd" d="M6 9.95267V0L7.842 3.932L12 4.56867L8.98933 7.66L9.696 12L6 9.95267Z" fill="var(--ddsweb-theme-colors-white, #ffffff)"></path></g><path stroke="var(--ddsweb-theme-colors-grayscale, #666666)" d="M6.24228 9.51529L6 9.38108L5.75772 9.51529L2.9631 11.0633L3.50417 7.74036L3.54466 7.49166L3.36886 7.31115L1.03607 4.91585L4.23368 4.42624L4.49754 4.38584L4.61078 4.14411L6 1.17863L7.38922 4.14411L7.50246 4.38584L7.76632 4.42624L10.9639 4.91585L8.63114 7.31115L8.45534 7.49166L8.49583 7.74035L9.0369 11.0633L6.24228 9.51529Z"></path><defs><clipPath id="clip0_1_2"><rect width="12" height="12" fill="white"></rect></clipPath></defs></svg><p class="text__StyledText-sc-1jpzi8m-0 kiGrpI ddsweb-text styled__StyledHint-sc-1de15j6-8 MfAbW ddsweb-rating__hint">4.5 (52)</p></div></div><div class="styled__StyledVariationsContainer-sc-t48uy4-13 bDZUAH"></div><div class="styled__StyledDeliveryMessageContainer-sc-t48uy4-7 hhgAvL"></div><div class="styled__StyledDetailsContainer-sc-t48uy4-2 dMquZm" orientation="vertical"><a class="styled__Anchor-sc-1i711qa-0 lfiJmH styled__StyledLink-sc-k2gmo0-0 iktlRk ddsweb-link__anchor" href="/groceries/en-GB/reviews/submission/289708202" data-di-id="di-id-5538334c-ca6a61fb"><span class="styled__Text-sc-1i711qa-1 RIkWH ddsweb-link__text">Write a review</span><span class="styled__IconContainer-sc-1i711qa-2 femlOX ddsweb-link__icon-container"><svg aria-hidden="true" class="styled__SVG-sc-1fqfvah-1 iGyaMX ddsweb-link__icon ddsweb-icon__svg" height="10" preserveAspectRatio="xMinYMax meet" viewBox="-1 0 12 20" width="6" xmlns="http://www.w3.org/2000/svg" color="currentColor" data-di-res-id="3685389e-b73d2590" data-di-rand="1749971260967"><path d="M1.312 1.348L10.276 10l-8.964 8.644" fill="none" stroke="currentColor"></path></svg></span></a><a class="styled__Anchor-sc-1i711qa-0 lfiJmH styled__StyledLink-sc-1ylrywh-0 joIFCQ ddsweb-link__anchor" href="/groceries/en-GB/shop/fresh-food/chilled-fish-and-seafood/cod-haddock-and-white-fish/fresh-cod" aria-label="Rest of shelf Fresh Cod" data-di-id="di-id-3e05cab0-41bef040"><span class="styled__Text-sc-1i711qa-1 RIkWH ddsweb-link__text">Rest of shelf</span><span class="styled__IconContainer-sc-1i711qa-2 femlOX ddsweb-link__icon-container"><svg aria-hidden="true" class="styled__SVG-sc-1fqfvah-1 iGyaMX ddsweb-link__icon ddsweb-icon__svg" height="10" preserveAspectRatio="xMinYMax meet" viewBox="-1 0 12 20" width="6" xmlns="http://www.w3.org/2000/svg" color="currentColor" data-di-res-id="3685389e-2b5cbe1f" data-di-rand="1749971260967"><path d="M1.312 1.348L10.276 10l-8.964 8.644" fill="none" stroke="currentColor"></path></svg></span></a></div><div class="styled__StyledPromotionsContainer-sc-t48uy4-4 iFrZAf"></div><div class="styled__StyledBuyBoxContainer-sc-t48uy4-3 jYiGsR SYzVz" orientation="vertical"><div class="base-components__RootElement-sc-150pv2j-1 styled__Container-sc-159tobh-0 gUUOsR cyGXML gmbSL ddsweb-buybox__container"><div class="base-components__BaseElement-sc-150pv2j-0 styled__PriceAndActions-sc-159tobh-3 iwUsaJ hyWgI ddsweb-buybox__price-and-actions"><div class="styled__StyledPriceContainer-sc-159tobh-5 kpODmQ"><div class="base-components__RootElement-sc-150pv2j-1 styled__Container-sc-v0qv7n-0 gUUOsR dECJWY ddsweb-buybox__price ddsweb-price__container"><p class="text__StyledText-sc-1jpzi8m-0 gyHOWz ddsweb-text styled__PriceText-sc-v0qv7n-1 cXlRF">£3.00</p><p class="text__StyledText-sc-1jpzi8m-0 kiGrpI ddsweb-text styled__Subtext-sc-v0qv7n-2 kLkheV ddsweb-price__subtext">£15.00/kg</p></div></div><div class="base-components__RootElement-sc-150pv2j-1 styled__Container-sc-195yncy-0 gUUOsR fGLoHO ddsweb-buybox__actions ddsweb-quantity-controls__container"><div class="base-components__RootElement-sc-150pv2j-1 styled__Container-sc-1rbigln-0 gUUOsR jjKXIy styled__StyledFormGroup-sc-195yncy-1 ldxiiI ddsweb-quantity-controls__form-group ddsweb-form-group__container"><label class="styled__StyledLabel-sc-1bpek9-0 CsZQe styled__StyledLabel-sc-1rbigln-2 eaqwEU ddsweb-form-group__label ddsweb-label" for="quantity-controls-289708202">Quantity controls, undefined</label><div class="base-components__BaseElement-sc-150pv2j-0 styled__Children-sc-1rbigln-5 iwUsaJ csugvD ddsweb-form-group__children"><div class="styled__StyledQuantityControlWrapper-sc-195yncy-6 lbTVkV"><label id="quantity-controls-289708202-label" class="styled__VisuallyHiddenLabel-sc-195yncy-7 bflMtB">Quantity of Tesco Battered Cod Fillet Bites 200G</label><div class="component__Wrapper-sc-19wd3h0-3 kiZcNf input-wrapper"><input class="base-components__RootElement-sc-150pv2j-1 styled__StyledInput-sc-7h0jvk-0 component__StyledAsInput-sc-19wd3h0-4 gUUOsR hlAFFt styled__StyledInput-sc-195yncy-3 jPiMHf ddsweb-quantity-controls__input ddsweb-input" data-auto="ddsweb-quantity-controls-input" autocomplete="off" id="quantity-controls-289708202" maxlength="2" type="number" aria-labelledby="quantity-controls-289708202-label" value="1" data-di-id="#quantity-controls-289708202"></div></div><button class="styled__StyledTextButton-sc-8hxn3m-0 bjIvKR styled__StyledButton-sc-195yncy-5 jUbPrY ddsweb-quantity-controls__add-button ddsweb-button ddsweb-button--text-button" type="submit" data-auto="ddsweb-quantity-controls-add-button" aria-label="add 1 Tesco Battered Cod Fillet Bites 200G" data-di-id="di-id-21e0a446-f37764c0"><span class="shared-containers__StyledInnerContainer-sc-93ev6e-2 gplLQL ddsweb-button__inner-container">Add</span></button></div></div></div></div></div></div><div class="styled__StyledMessagingContainer-sc-t48uy4-5 jHhxvV" orientation="vertical"></div></div></div></li><li data-testid="320977253" class="WL_DZ" data-auto-available="true"><div class="_ecrj"><div class="styled__StyledVerticalTile-sc-1r1v9f3-1 LihIl"><div class="woiNV"></div><div class="styled__StyledImageContainer-sc-t48uy4-0 bixZuE KZ_O1"><a class="styled__ImageContainer-sc-1fweb41-0 irjUEM" href="/groceries/en-GB/products/320977253" aria-hidden="true" tabindex="-1" data-testid="imageContainer_320977253" data-di-id="di-id-745e762e-986677e2"><img alt="" aria-label="" orientation="vertical" src="https://digitalcontent.api.tesco.com/v2/media/ghs/a3cb1965-faaa-42d1-b622-94d8b3d46c84/a42b6621-c6da-4aa7-9459-81fc190a6307.jpeg?h=225&amp;w=225" loading="lazy" data-testid="imageElement_320977253" class="styled__StyledImage-sc-1fweb41-1 hCXoFX"></a></div><div class="styled__StyledTitleContainer-sc-t48uy4-1 hmpPZn"><h2 class="component__StyledHeading-sc-1t0ixqu-0 iDJPjF ddsweb-heading styled-sc-mz7xly-0 kXoSwE styled__StyledTitle-sc-1a6zg7t-0 etoGWB b_hC4 ddsweb-title-link__container"><a class="styled__Anchor-sc-1i711qa-0 gRXcDF ddsweb-title-link__link ddsweb-link__anchor" href="/groceries/en-GB/products/320977253" aria-label="Birds Eye Captain's Discoveries Lightly Dusted Fish Fillets with Sea Salt &amp; Rosemary 280g" data-di-id="di-id-799bdb7e-eeb05d5f"><span class="styled__Text-sc-1i711qa-1 bsLJsh ddsweb-link__text">Birds Eye Captain's Discoveries Lightly Dusted Fish Fillets with Sea Salt &amp; Rosemary 280g</span></a></h2></div><div class="zWmtM"><div class="styled__StyledNonInteractiveContainer-sc-1de15j6-7 klymXO ddsweb-rating__container" data-testid="star-rating" aria-label="Average customer rating 3.9 out of 5 stars"><svg class="ddsweb-rating__icon-active" aria-hidden="true" xmlns="http://www.w3.org/2000/svg" width="12" height="12" viewBox="0 0 12 12" fill="none" data-di-res-id="3685389e-9ba7379f" data-di-rand="1749971260967"><path fill="var(--ddsweb-theme-colors-tesco-blue, #00539f)" stroke="var(--ddsweb-theme-colors-grayscale, #666666)" d="M6.24228 9.51529L6 9.38108L5.75772 9.51529L2.9631 11.0633L3.50417 7.74036L3.54466 7.49166L3.36886 7.31115L1.03607 4.91585L4.23368 4.42624L4.49754 4.38584L4.61078 4.14411L6 1.17863L7.38922 4.14411L7.50246 4.38584L7.76632 4.42624L10.9639 4.91585L8.63114 7.31115L8.45534 7.49166L8.49583 7.74035L9.0369 11.0633L6.24228 9.51529Z"></path></svg><svg class="ddsweb-rating__icon-active" aria-hidden="true" xmlns="http://www.w3.org/2000/svg" width="12" height="12" viewBox="0 0 12 12" fill="none" data-di-res-id="3685389e-d62fc635" data-di-rand="1749971260967"><path fill="var(--ddsweb-theme-colors-tesco-blue, #00539f)" stroke="var(--ddsweb-theme-colors-grayscale, #666666)" d="M6.24228 9.51529L6 9.38108L5.75772 9.51529L2.9631 11.0633L3.50417 7.74036L3.54466 7.49166L3.36886 7.31115L1.03607 4.91585L4.23368 4.42624L4.49754 4.38584L4.61078 4.14411L6 1.17863L7.38922 4.14411L7.50246 4.38584L7.76632 4.42624L10.9639 4.91585L8.63114 7.31115L8.45534 7.49166L8.49583 7.74035L9.0369 11.0633L6.24228 9.51529Z"></path></svg><svg class="ddsweb-rating__icon-active" aria-hidden="true" xmlns="http://www.w3.org/2000/svg" width="12" height="12" viewBox="0 0 12 12" fill="none" data-di-res-id="3685389e-2f342731" data-di-rand="1749971260967"><path fill="var(--ddsweb-theme-colors-tesco-blue, #00539f)" stroke="var(--ddsweb-theme-colors-grayscale, #666666)" d="M6.24228 9.51529L6 9.38108L5.75772 9.51529L2.9631 11.0633L3.50417 7.74036L3.54466 7.49166L3.36886 7.31115L1.03607 4.91585L4.23368 4.42624L4.49754 4.38584L4.61078 4.14411L6 1.17863L7.38922 4.14411L7.50246 4.38584L7.76632 4.42624L10.9639 4.91585L8.63114 7.31115L8.45534 7.49166L8.49583 7.74035L9.0369 11.0633L6.24228 9.51529Z"></path></svg><svg class="ddsweb-rating__icon-half-active" aria-hidden="true" xmlns="http://www.w3.org/2000/svg" width="12" height="12" viewBox="0 0 12 12" fill="none" data-di-res-id="3685389e-e5929c75" data-di-rand="1749971260967"><g clip-path="url(#clip0_1_2)"><path d="M6.24228 9.51529L6 9.38108L5.75772 9.51529L2.9631 11.0633L3.50417 7.74036L3.54466 7.49166L3.36886 7.31115L1.03607 4.91585L4.23368 4.42624L4.49754 4.38584L4.61078 4.14411L6 1.17863L7.38922 4.14411L7.50246 4.38584L7.76632 4.42624L10.9639 4.91585L8.63114 7.31115L8.45534 7.49166L8.49583 7.74036L9.0369 11.0633L6.24228 9.51529Z" fill="var(--ddsweb-theme-colors-tesco-blue, #00539f)"></path><path fill-rule="evenodd" clip-rule="evenodd" d="M6 9.95267V0L7.842 3.932L12 4.56867L8.98933 7.66L9.696 12L6 9.95267Z" fill="var(--ddsweb-theme-colors-white, #ffffff)"></path></g><path stroke="var(--ddsweb-theme-colors-grayscale, #666666)" d="M6.24228 9.51529L6 9.38108L5.75772 9.51529L2.9631 11.0633L3.50417 7.74036L3.54466 7.49166L3.36886 7.31115L1.03607 4.91585L4.23368 4.42624L4.49754 4.38584L4.61078 4.14411L6 1.17863L7.38922 4.14411L7.50246 4.38584L7.76632 4.42624L10.9639 4.91585L8.63114 7.31115L8.45534 7.49166L8.49583 7.74035L9.0369 11.0633L6.24228 9.51529Z"></path><defs><clipPath id="clip0_1_2"><rect width="12" height="12" fill="white"></rect></clipPath></defs></svg><svg class="ddsweb-rating__icon-inactive" aria-hidden="true" xmlns="http://www.w3.org/2000/svg" width="12" height="12" viewBox="0 0 12 12" fill="none" data-di-res-id="3685389e-e766d047" data-di-rand="1749971260967"><path fill="var(--ddsweb-theme-colors-white, #ffffff)" stroke="var(--ddsweb-theme-colors-grayscale, #666666)" d="M6.24228 9.51529L6 9.38108L5.75772 9.51529L2.9631 11.0633L3.50417 7.74036L3.54466 7.49166L3.36886 7.31115L1.03607 4.91585L4.23368 4.42624L4.49754 4.38584L4.61078 4.14411L6 1.17863L7.38922 4.14411L7.50246 4.38584L7.76632 4.42624L10.9639 4.91585L8.63114 7.31115L8.45534 7.49166L8.49583 7.74035L9.0369 11.0633L6.24228 9.51529Z"></path></svg><p class="text__StyledText-sc-1jpzi8m-0 kiGrpI ddsweb-text styled__StyledHint-sc-1de15j6-8 MfAbW ddsweb-rating__hint">3.9 (12)</p></div></div><div class="styled__StyledVariationsContainer-sc-t48uy4-13 bDZUAH"></div><div class="styled__StyledDeliveryMessageContainer-sc-t48uy4-7 hhgAvL"></div><div class="styled__StyledDetailsContainer-sc-t48uy4-2 dMquZm" orientation="vertical"><a class="styled__Anchor-sc-1i711qa-0 lfiJmH styled__StyledLink-sc-k2gmo0-0 iktlRk ddsweb-link__anchor" href="/groceries/en-GB/reviews/submission/320977253" data-di-id="di-id-5538334c-a7029cc5"><span class="styled__Text-sc-1i711qa-1 RIkWH ddsweb-link__text">Write a review</span><span class="styled__IconContainer-sc-1i711qa-2 femlOX ddsweb-link__icon-container"><svg aria-hidden="true" class="styled__SVG-sc-1fqfvah-1 iGyaMX ddsweb-link__icon ddsweb-icon__svg" height="10" preserveAspectRatio="xMinYMax meet" viewBox="-1 0 12 20" width="6" xmlns="http://www.w3.org/2000/svg" color="currentColor" data-di-res-id="3685389e-67cf9369" data-di-rand="1749971260967"><path d="M1.312 1.348L10.276 10l-8.964 8.644" fill="none" stroke="currentColor"></path></svg></span></a><a class="styled__Anchor-sc-1i711qa-0 lfiJmH styled__StyledLink-sc-1ylrywh-0 joIFCQ ddsweb-link__anchor" href="/groceries/en-GB/shop/frozen-food/fish-and-seafood/coated-fish/frozen-battered-fish" aria-label="Rest of shelf Frozen Battered Fish" data-di-id="di-id-fb7c9ed8-8e8da5df"><span class="styled__Text-sc-1i711qa-1 RIkWH ddsweb-link__text">Rest of shelf</span><span class="styled__IconContainer-sc-1i711qa-2 femlOX ddsweb-link__icon-container"><svg aria-hidden="true" class="styled__SVG-sc-1fqfvah-1 iGyaMX ddsweb-link__icon ddsweb-icon__svg" height="10" preserveAspectRatio="xMinYMax meet" viewBox="-1 0 12 20" width="6" xmlns="http://www.w3.org/2000/svg" color="currentColor" data-di-res-id="3685389e-d82fd128" data-di-rand="1749971260967"><path d="M1.312 1.348L10.276 10l-8.964 8.644" fill="none" stroke="currentColor"></path></svg></span></a></div><div class="styled__StyledPromotionsContainer-sc-t48uy4-4 iFrZAf"><div class="styled__PromotionsContainer-sc-nc07d4-3 hyzOdv"><div><div class="styled__StyledPromotionsWithClubcardPriceContainer-sc-dfqdes-0 cJAeJR"><a href="/groceries/en-GB/promotions/92361248" class="styled__Container-sc-1d7lp92-4 fgHTfg ddsweb-value-bar__container" data-di-id="di-id-b8fcb942-bbd62c45"><div class="styled__InnerContainer-sc-1d7lp92-5 fDFyTn ddsweb-value-bar__inner-container"><div class="styled__ClubcardPriceLogo-sc-1d7lp92-7 dCdODK ddsweb-value-bar__clubcard-logo"><svg role="img" width="56" height="56" fill="none" xmlns="http://www.w3.org/2000/svg" data-di-res-id="3685389e-df729442" data-di-rand="1749971260967"><title>Clubcard Price</title><path d="M0 12C0 5.373 5.373 0 12 0h44v56H12C5.373 56 0 50.627 0 44V12Z" fill="#00539F"></path><path d="M10.315 27.08c-.6 0-1.157-.137-1.67-.41a3.185 3.185 0 0 1-1.24-1.23c-.313-.547-.47-1.193-.47-1.94 0-.747.157-1.39.47-1.93a3.097 3.097 0 0 1 1.24-1.23c.513-.28 1.07-.42 1.67-.42.727 0 1.344.17 1.85.51.514.34.874.827 1.08 1.46l-1.13.45a1.638 1.638 0 0 0-.64-.88c-.306-.227-.693-.34-1.16-.34-.373 0-.717.09-1.03.27a1.86 1.86 0 0 0-.75.8c-.187.353-.28.79-.28 1.31s.093.96.28 1.32c.187.353.437.62.75.8.313.173.657.26 1.03.26.467 0 .854-.11 1.16-.33.314-.22.527-.517.64-.89l1.13.45c-.206.633-.566 1.12-1.08 1.46-.506.34-1.123.51-1.85.51Zm5.153-.08h-1.24v-7.08h1.24V27Zm5.927 0h-1.24v-.81c-.174.28-.397.5-.67.66-.274.153-.577.23-.91.23-.547 0-.974-.163-1.28-.49-.3-.327-.45-.777-.45-1.35v-3.4h1.24v3.1c0 .667.29 1 .87 1 .38 0 .673-.163.88-.49.213-.333.32-.787.32-1.36v-2.25h1.24V27Zm4.156.08a1.99 1.99 0 0 1-.9-.19 1.503 1.503 0 0 1-.58-.51V27h-1.24v-7.08h1.24v2.55c.167-.22.38-.393.64-.52s.55-.19.87-.19c.44 0 .83.113 1.17.34.34.227.604.543.79.95.194.4.29.857.29 1.37 0 .507-.103.963-.31 1.37-.2.4-.473.717-.82.95-.346.227-.73.34-1.15.34Zm-.28-1.14c.367 0 .67-.137.91-.41.247-.273.37-.643.37-1.11 0-.467-.123-.837-.37-1.11a1.159 1.159 0 0 0-.91-.41 1.19 1.19 0 0 0-.92.41c-.24.273-.36.643-.36 1.11 0 .467.12.837.36 1.11.247.273.554.41.92.41Zm6.08 1.14c-.507 0-.957-.113-1.35-.34-.394-.227-.7-.54-.92-.94a2.853 2.853 0 0 1-.33-1.38c0-.513.11-.97.33-1.37.22-.407.526-.723.92-.95.393-.227.843-.34 1.35-.34 1.146 0 1.923.47 2.33 1.41l-1.13.51c-.26-.52-.66-.78-1.2-.78-.387 0-.707.14-.96.42-.254.28-.38.647-.38 1.1 0 .453.126.82.38 1.1.253.28.573.42.96.42.54 0 .94-.26 1.2-.78l1.13.51c-.407.94-1.184 1.41-2.33 1.41Zm4.666 0c-.3 0-.583-.06-.85-.18a1.538 1.538 0 0 1-.64-.52c-.16-.233-.24-.51-.24-.83 0-.507.19-.913.57-1.22.38-.313.894-.47 1.54-.47h1.11v-.18c0-.26-.09-.467-.27-.62-.18-.16-.423-.24-.73-.24-.246 0-.47.067-.67.2-.2.127-.35.277-.45.45l-.95-.57c.18-.327.447-.597.8-.81.354-.22.777-.33 1.27-.33.707 0 1.257.17 1.65.51.394.34.59.83.59 1.47V27h-1.02l-.17-.66c-.166.227-.38.407-.64.54-.253.133-.553.2-.9.2Zm.3-1.06c.334 0 .614-.1.84-.3.234-.2.35-.447.35-.74v-.14h-.98c-.286 0-.516.057-.69.17a.506.506 0 0 0-.25.45c0 .18.06.32.18.42.127.093.31.14.55.14Zm3.653-4.18h1.24v.78c.147-.28.353-.493.62-.64.267-.147.563-.22.89-.22.34 0 .607.077.8.23l-.42 1.05a1.144 1.144 0 0 0-.55-.14c-.387 0-.707.167-.96.5-.253.333-.38.847-.38 1.54V27h-1.24v-5.16ZM46 27.08c-.42 0-.803-.113-1.15-.34a2.337 2.337 0 0 1-.82-.95 3.15 3.15 0 0 1-.29-1.37c0-.513.094-.97.28-1.37.194-.407.46-.723.8-.95.34-.227.73-.34 1.17-.34.347 0 .65.063.91.19.26.12.46.293.6.52v-2.55h1.24V27H47.5v-.62a1.676 1.676 0 0 1-.6.51 1.99 1.99 0 0 1-.9.19Zm.3-1.14c.367 0 .67-.137.91-.41.248-.273.37-.643.37-1.11 0-.467-.122-.837-.37-1.11a1.159 1.159 0 0 0-.91-.41c-.366 0-.672.137-.92.41-.24.273-.36.643-.36 1.11 0 .467.12.837.36 1.11.247.273.554.41.92.41ZM17.957 37h-1.3v-7h2.57c.467 0 .87.097 1.21.29.34.187.6.447.78.78.18.327.27.693.27 1.1 0 .407-.09.777-.27 1.11-.18.327-.44.587-.78.78-.34.187-.743.28-1.21.28h-1.27V37Zm1.17-3.86c.32 0 .574-.08.76-.24.187-.167.28-.41.28-.73s-.093-.56-.28-.72c-.186-.167-.44-.25-.76-.25h-1.17v1.94h1.17Zm3.359-1.3h1.24v.78c.146-.28.353-.493.62-.64.266-.147.563-.22.89-.22.34 0 .606.077.8.23l-.42 1.05a1.144 1.144 0 0 0-.55-.14c-.387 0-.707.167-.96.5-.254.333-.38.847-.38 1.54V37h-1.24v-5.16Zm4.187-1.34c0-.227.076-.417.23-.57a.774.774 0 0 1 .57-.23c.226 0 .416.077.57.23.153.153.23.343.23.57a.774.774 0 0 1-.23.57.774.774 0 0 1-.57.23.774.774 0 0 1-.57-.23.774.774 0 0 1-.23-.57Zm1.42 6.5h-1.24v-5.16h1.24V37Zm3.723.08c-.507 0-.957-.113-1.35-.34-.394-.227-.7-.54-.92-.94a2.853 2.853 0 0 1-.33-1.38c0-.513.11-.97.33-1.37.22-.407.526-.723.92-.95.393-.227.843-.34 1.35-.34 1.146 0 1.923.47 2.33 1.41l-1.13.51c-.26-.52-.66-.78-1.2-.78-.387 0-.707.14-.96.42-.254.28-.38.647-.38 1.1 0 .453.126.82.38 1.1.253.28.573.42.96.42.54 0 .94-.26 1.2-.78l1.13.51c-.407.94-1.184 1.41-2.33 1.41Zm8.026-2.26h-3.81c.067.38.224.67.47.87.247.193.547.29.9.29.294 0 .537-.06.73-.18.2-.127.39-.317.57-.57l1.05.57c-.253.413-.576.73-.97.95-.386.22-.87.33-1.45.33-.546 0-1.016-.127-1.41-.38a2.463 2.463 0 0 1-.87-1 2.945 2.945 0 0 1-.29-1.28c0-.447.1-.873.3-1.28.207-.407.504-.737.89-.99.387-.26.844-.39 1.37-.39.534 0 .99.12 1.37.36.38.24.667.557.86.95.194.387.29.8.29 1.24v.51Zm-1.27-.98a1.134 1.134 0 0 0-.41-.72c-.22-.187-.5-.28-.84-.28-.286 0-.543.09-.77.27a1.333 1.333 0 0 0-.47.73h2.49Z" fill="#fff"></path></svg></div><div class="styled__ContentContainer-sc-1d7lp92-8 dVbxyj ddsweb-value-bar__content-container"><p title="£3.00 Save 1/3 Clubcard Price" class="text__StyledText-sc-1jpzi8m-0 gljcji ddsweb-text styled__ContentText-sc-1d7lp92-9 ijspZf ddsweb-value-bar__content-text">£3.00 Save 1/3 Clubcard Price</p><p class="text__StyledText-sc-1jpzi8m-0 ggFawa ddsweb-text styled__SubText-sc-1d7lp92-11 jGBCCZ ddsweb-value-bar__content-subtext">(£10.71/kg)</p></div><div class="styled__IconContainer-sc-1d7lp92-12 gA-DXsl ddsweb-value-bar__icon-container"><svg xmlns="http://www.w3.org/2000/svg" width="16" height="16" fill="none" aria-hidden="true" data-di-res-id="3685389e-929f8cc5" data-di-rand="1749971260967"><path d="M4.354 2.771 9.77 8l-5.417 5.223 1.04 1.08L11.932 8 5.395 1.692l-1.041 1.08Z" fill="#00539F"></path></svg></div></div><p class="text__StyledText-sc-1jpzi8m-0 ggFawa ddsweb-text styled__TermsText-sc-1d7lp92-10 dCWOwo ddsweb-value-bar__terms">Offer valid for delivery from 03/06/2025 until 23/06/2025</p></a></div></div></div></div><div class="styled__StyledBuyBoxContainer-sc-t48uy4-3 jYiGsR SYzVz" orientation="vertical"><div class="base-components__RootElement-sc-150pv2j-1 styled__Container-sc-159tobh-0 gUUOsR cyGXML gmbSL ddsweb-buybox__container"><div class="base-components__BaseElement-sc-150pv2j-0 styled__PriceAndActions-sc-159tobh-3 iwUsaJ hyWgI ddsweb-buybox__price-and-actions"><div class="styled__StyledPriceContainer-sc-159tobh-5 kpODmQ"><div class="base-components__RootElement-sc-150pv2j-1 styled__Container-sc-v0qv7n-0 gUUOsR dECJWY ddsweb-buybox__price ddsweb-price__container"><p class="text__StyledText-sc-1jpzi8m-0 gyHOWz ddsweb-text styled__PriceText-sc-v0qv7n-1 cXlRF">£4.50</p><p class="text__StyledText-sc-1jpzi8m-0 kiGrpI ddsweb-text styled__Subtext-sc-v0qv7n-2 kLkheV ddsweb-price__subtext">£16.07/kg</p></div></div><div class="base-components__RootElement-sc-150pv2j-1 styled__Container-sc-195yncy-0 gUUOsR fGLoHO ddsweb-buybox__actions ddsweb-quantity-controls__container"><div class="base-components__RootElement-sc-150pv2j-1 styled__Container-sc-1rbigln-0 gUUOsR jjKXIy styled__StyledFormGroup-sc-195yncy-1 ldxiiI ddsweb-quantity-controls__form-group ddsweb-form-group__container"><label class="styled__StyledLabel-sc-1bpek9-0 CsZQe styled__StyledLabel-sc-1rbigln-2 eaqwEU ddsweb-form-group__label ddsweb-label" for="quantity-controls-320977253">Quantity controls, undefined</label><div class="base-components__BaseElement-sc-150pv2j-0 styled__Children-sc-1rbigln-5 iwUsaJ csugvD ddsweb-form-group__children"><div class="styled__StyledQuantityControlWrapper-sc-195yncy-6 lbTVkV"><label id="quantity-controls-320977253-label" class="styled__VisuallyHiddenLabel-sc-195yncy-7 bflMtB">Quantity of Birds Eye Captain's Discoveries Lightly Dusted Fish Fillets with Sea Salt &amp; Rosemary 280g</label><div class="component__Wrapper-sc-19wd3h0-3 kiZcNf input-wrapper"><input class="base-components__RootElement-sc-150pv2j-1 styled__StyledInput-sc-7h0jvk-0 component__StyledAsInput-sc-19wd3h0-4 gUUOsR hlAFFt styled__StyledInput-sc-195yncy-3 jPiMHf ddsweb-quantity-controls__input ddsweb-input" data-auto="ddsweb-quantity-controls-input" autocomplete="off" id="quantity-controls-320977253" maxlength="2" type="number" aria-labelledby="quantity-controls-320977253-label" value="1" data-di-id="#quantity-controls-320977253"></div></div><button class="styled__StyledTextButton-sc-8hxn3m-0 bjIvKR styled__StyledButton-sc-195yncy-5 jUbPrY ddsweb-quantity-controls__add-button ddsweb-button ddsweb-button--text-button" type="submit" data-auto="ddsweb-quantity-controls-add-button" aria-label="add 1 Birds Eye Captain's Discoveries Lightly Dusted Fish Fillets with Sea Salt &amp; Rosemary 280g" data-di-id="di-id-21e0a446-84705456"><span class="shared-containers__StyledInnerContainer-sc-93ev6e-2 gplLQL ddsweb-button__inner-container">Add</span></button></div></div></div></div></div></div><div class="styled__StyledMessagingContainer-sc-t48uy4-5 jHhxvV" orientation="vertical"></div></div></div></li><li data-testid="310130222" class="WL_DZ" data-auto-available="true"><div class="_ecrj"><div class="styled__StyledVerticalTile-sc-1r1v9f3-1 LihIl"><div class="woiNV"></div><div class="styled__StyledImageContainer-sc-t48uy4-0 bixZuE KZ_O1"><a class="styled__ImageContainer-sc-1fweb41-0 irjUEM" href="/groceries/en-GB/products/310130222" aria-hidden="true" tabindex="-1" data-testid="imageContainer_310130222" data-di-id="di-id-745e762e-d5eb9171"><img alt="" aria-label="" orientation="vertical" src="https://digitalcontent.api.tesco.com/v2/media/ghs/2d0f2c11-739e-488b-ac92-e4d126c516bf/fffe2fa2-9d8e-46c3-acbb-f118d1e2df50.jpeg?h=225&amp;w=225" loading="lazy" data-testid="imageElement_310130222" class="styled__StyledImage-sc-1fweb41-1 hCXoFX"></a></div><div class="styled__StyledTitleContainer-sc-t48uy4-1 hmpPZn"><h2 class="component__StyledHeading-sc-1t0ixqu-0 iDJPjF ddsweb-heading styled-sc-mz7xly-0 kXoSwE styled__StyledTitle-sc-1a6zg7t-0 etoGWB b_hC4 ddsweb-title-link__container"><a class="styled__Anchor-sc-1i711qa-0 gRXcDF ddsweb-title-link__link ddsweb-link__anchor" href="/groceries/en-GB/products/310130222" aria-label="Tesco 2 Skinless Smoked Basa Fillets 240G" data-di-id="di-id-799bdb7e-a33dbbcc"><span class="styled__Text-sc-1i711qa-1 bsLJsh ddsweb-link__text">Tesco 2 Skinless Smoked Basa Fillets 240G</span></a></h2></div><div class="zWmtM"><div class="styled__StyledNonInteractiveContainer-sc-1de15j6-7 klymXO ddsweb-rating__container" data-testid="star-rating" aria-label="Average customer rating 4.5 out of 5 stars"><svg class="ddsweb-rating__icon-active" aria-hidden="true" xmlns="http://www.w3.org/2000/svg" width="12" height="12" viewBox="0 0 12 12" fill="none" data-di-res-id="6ee628c8-589cd5d2" data-di-rand="1749971260968"><path fill="var(--ddsweb-theme-colors-tesco-blue, #00539f)" stroke="var(--ddsweb-theme-colors-grayscale, #666666)" d="M6.24228 9.51529L6 9.38108L5.75772 9.51529L2.9631 11.0633L3.50417 7.74036L3.54466 7.49166L3.36886 7.31115L1.03607 4.91585L4.23368 4.42624L4.49754 4.38584L4.61078 4.14411L6 1.17863L7.38922 4.14411L7.50246 4.38584L7.76632 4.42624L10.9639 4.91585L8.63114 7.31115L8.45534 7.49166L8.49583 7.74035L9.0369 11.0633L6.24228 9.51529Z"></path></svg><svg class="ddsweb-rating__icon-active" aria-hidden="true" xmlns="http://www.w3.org/2000/svg" width="12" height="12" viewBox="0 0 12 12" fill="none" data-di-res-id="610a738b-7d23f97a" data-di-rand="1749971260968"><path fill="var(--ddsweb-theme-colors-tesco-blue, #00539f)" stroke="var(--ddsweb-theme-colors-grayscale, #666666)" d="M6.24228 9.51529L6 9.38108L5.75772 9.51529L2.9631 11.0633L3.50417 7.74036L3.54466 7.49166L3.36886 7.31115L1.03607 4.91585L4.23368 4.42624L4.49754 4.38584L4.61078 4.14411L6 1.17863L7.38922 4.14411L7.50246 4.38584L7.76632 4.42624L10.9639 4.91585L8.63114 7.31115L8.45534 7.49166L8.49583 7.74035L9.0369 11.0633L6.24228 9.51529Z"></path></svg><svg class="ddsweb-rating__icon-active" aria-hidden="true" xmlns="http://www.w3.org/2000/svg" width="12" height="12" viewBox="0 0 12 12" fill="none" data-di-res-id="6ee628c8-9b25ded" data-di-rand="1749971260968"><path fill="var(--ddsweb-theme-colors-tesco-blue, #00539f)" stroke="var(--ddsweb-theme-colors-grayscale, #666666)" d="M6.24228 9.51529L6 9.38108L5.75772 9.51529L2.9631 11.0633L3.50417 7.74036L3.54466 7.49166L3.36886 7.31115L1.03607 4.91585L4.23368 4.42624L4.49754 4.38584L4.61078 4.14411L6 1.17863L7.38922 4.14411L7.50246 4.38584L7.76632 4.42624L10.9639 4.91585L8.63114 7.31115L8.45534 7.49166L8.49583 7.74035L9.0369 11.0633L6.24228 9.51529Z"></path></svg><svg class="ddsweb-rating__icon-active" aria-hidden="true" xmlns="http://www.w3.org/2000/svg" width="12" height="12" viewBox="0 0 12 12" fill="none" data-di-res-id="6ee628c8-330b00b" data-di-rand="1749971260968"><path fill="var(--ddsweb-theme-colors-tesco-blue, #00539f)" stroke="var(--ddsweb-theme-colors-grayscale, #666666)" d="M6.24228 9.51529L6 9.38108L5.75772 9.51529L2.9631 11.0633L3.50417 7.74036L3.54466 7.49166L3.36886 7.31115L1.03607 4.91585L4.23368 4.42624L4.49754 4.38584L4.61078 4.14411L6 1.17863L7.38922 4.14411L7.50246 4.38584L7.76632 4.42624L10.9639 4.91585L8.63114 7.31115L8.45534 7.49166L8.49583 7.74035L9.0369 11.0633L6.24228 9.51529Z"></path></svg><svg class="ddsweb-rating__icon-half-active" aria-hidden="true" xmlns="http://www.w3.org/2000/svg" width="12" height="12" viewBox="0 0 12 12" fill="none" data-di-res-id="6ee628c8-f684ab8e" data-di-rand="1749971260968"><g clip-path="url(#clip0_1_2)"><path d="M6.24228 9.51529L6 9.38108L5.75772 9.51529L2.9631 11.0633L3.50417 7.74036L3.54466 7.49166L3.36886 7.31115L1.03607 4.91585L4.23368 4.42624L4.49754 4.38584L4.61078 4.14411L6 1.17863L7.38922 4.14411L7.50246 4.38584L7.76632 4.42624L10.9639 4.91585L8.63114 7.31115L8.45534 7.49166L8.49583 7.74036L9.0369 11.0633L6.24228 9.51529Z" fill="var(--ddsweb-theme-colors-tesco-blue, #00539f)"></path><path fill-rule="evenodd" clip-rule="evenodd" d="M6 9.95267V0L7.842 3.932L12 4.56867L8.98933 7.66L9.696 12L6 9.95267Z" fill="var(--ddsweb-theme-colors-white, #ffffff)"></path></g><path stroke="var(--ddsweb-theme-colors-grayscale, #666666)" d="M6.24228 9.51529L6 9.38108L5.75772 9.51529L2.9631 11.0633L3.50417 7.74036L3.54466 7.49166L3.36886 7.31115L1.03607 4.91585L4.23368 4.42624L4.49754 4.38584L4.61078 4.14411L6 1.17863L7.38922 4.14411L7.50246 4.38584L7.76632 4.42624L10.9639 4.91585L8.63114 7.31115L8.45534 7.49166L8.49583 7.74035L9.0369 11.0633L6.24228 9.51529Z"></path><defs><clipPath id="clip0_1_2"><rect width="12" height="12" fill="white"></rect></clipPath></defs></svg><p class="text__StyledText-sc-1jpzi8m-0 kiGrpI ddsweb-text styled__StyledHint-sc-1de15j6-8 MfAbW ddsweb-rating__hint">4.5 (73)</p></div></div><div class="styled__StyledVariationsContainer-sc-t48uy4-13 bDZUAH"></div><div class="styled__StyledDeliveryMessageContainer-sc-t48uy4-7 hhgAvL"></div><div class="styled__StyledDetailsContainer-sc-t48uy4-2 dMquZm" orientation="vertical"><a class="styled__Anchor-sc-1i711qa-0 lfiJmH styled__StyledLink-sc-k2gmo0-0 iktlRk ddsweb-link__anchor" href="/groceries/en-GB/reviews/submission/310130222" data-di-id="di-id-5538334c-ea8f7a56"><span class="styled__Text-sc-1i711qa-1 RIkWH ddsweb-link__text">Write a review</span><span class="styled__IconContainer-sc-1i711qa-2 femlOX ddsweb-link__icon-container"><svg aria-hidden="true" class="styled__SVG-sc-1fqfvah-1 iGyaMX ddsweb-link__icon ddsweb-icon__svg" height="10" preserveAspectRatio="xMinYMax meet" viewBox="-1 0 12 20" width="6" xmlns="http://www.w3.org/2000/svg" color="currentColor" data-di-res-id="6ee628c8-aab3d464" data-di-rand="1749971260968"><path d="M1.312 1.348L10.276 10l-8.964 8.644" fill="none" stroke="currentColor"></path></svg></span></a><a class="styled__Anchor-sc-1i711qa-0 lfiJmH styled__StyledLink-sc-1ylrywh-0 joIFCQ ddsweb-link__anchor" href="/groceries/en-GB/shop/fresh-food/chilled-fish-and-seafood/cod-haddock-and-white-fish/fresh-basa" aria-label="Rest of shelf Fresh Basa" data-di-id="di-id-f1e58df8-b8459a4c"><span class="styled__Text-sc-1i711qa-1 RIkWH ddsweb-link__text">Rest of shelf</span><span class="styled__IconContainer-sc-1i711qa-2 femlOX ddsweb-link__icon-container"><svg aria-hidden="true" class="styled__SVG-sc-1fqfvah-1 iGyaMX ddsweb-link__icon ddsweb-icon__svg" height="10" preserveAspectRatio="xMinYMax meet" viewBox="-1 0 12 20" width="6" xmlns="http://www.w3.org/2000/svg" color="currentColor" data-di-res-id="6ee628c8-d5cf85d" data-di-rand="1749971260968"><path d="M1.312 1.348L10.276 10l-8.964 8.644" fill="none" stroke="currentColor"></path></svg></span></a></div><div class="styled__StyledPromotionsContainer-sc-t48uy4-4 iFrZAf"></div><div class="styled__StyledBuyBoxContainer-sc-t48uy4-3 jYiGsR SYzVz" orientation="vertical"><div class="base-components__RootElement-sc-150pv2j-1 styled__Container-sc-159tobh-0 gUUOsR cyGXML gmbSL ddsweb-buybox__container"><div class="base-components__BaseElement-sc-150pv2j-0 styled__PriceAndActions-sc-159tobh-3 iwUsaJ hyWgI ddsweb-buybox__price-and-actions"><div class="styled__StyledPriceContainer-sc-159tobh-5 kpODmQ"><div class="base-components__RootElement-sc-150pv2j-1 styled__Container-sc-v0qv7n-0 gUUOsR dECJWY ddsweb-buybox__price ddsweb-price__container"><p class="text__StyledText-sc-1jpzi8m-0 gyHOWz ddsweb-text styled__PriceText-sc-v0qv7n-1 cXlRF">£2.19</p><p class="text__StyledText-sc-1jpzi8m-0 kiGrpI ddsweb-text styled__Subtext-sc-v0qv7n-2 kLkheV ddsweb-price__subtext">£9.12/kg</p></div></div><div class="base-components__RootElement-sc-150pv2j-1 styled__Container-sc-195yncy-0 gUUOsR fGLoHO ddsweb-buybox__actions ddsweb-quantity-controls__container"><div class="base-components__RootElement-sc-150pv2j-1 styled__Container-sc-1rbigln-0 gUUOsR jjKXIy styled__StyledFormGroup-sc-195yncy-1 ldxiiI ddsweb-quantity-controls__form-group ddsweb-form-group__container"><label class="styled__StyledLabel-sc-1bpek9-0 CsZQe styled__StyledLabel-sc-1rbigln-2 eaqwEU ddsweb-form-group__label ddsweb-label" for="quantity-controls-310130222">Quantity controls, undefined</label><div class="base-components__BaseElement-sc-150pv2j-0 styled__Children-sc-1rbigln-5 iwUsaJ csugvD ddsweb-form-group__children"><div class="styled__StyledQuantityControlWrapper-sc-195yncy-6 lbTVkV"><label id="quantity-controls-310130222-label" class="styled__VisuallyHiddenLabel-sc-195yncy-7 bflMtB">Quantity of Tesco 2 Skinless Smoked Basa Fillets 240G</label><div class="component__Wrapper-sc-19wd3h0-3 kiZcNf input-wrapper"><input class="base-components__RootElement-sc-150pv2j-1 styled__StyledInput-sc-7h0jvk-0 component__StyledAsInput-sc-19wd3h0-4 gUUOsR hlAFFt styled__StyledInput-sc-195yncy-3 jPiMHf ddsweb-quantity-controls__input ddsweb-input" data-auto="ddsweb-quantity-controls-input" autocomplete="off" id="quantity-controls-310130222" maxlength="2" type="number" aria-labelledby="quantity-controls-310130222-label" value="1" data-di-id="#quantity-controls-310130222"></div></div><button class="styled__StyledTextButton-sc-8hxn3m-0 bjIvKR styled__StyledButton-sc-195yncy-5 jUbPrY ddsweb-quantity-controls__add-button ddsweb-button ddsweb-button--text-button" type="submit" data-auto="ddsweb-quantity-controls-add-button" aria-label="add 1 Tesco 2 Skinless Smoked Basa Fillets 240G" data-di-id="di-id-21e0a446-14cf49c7"><span class="shared-containers__StyledInnerContainer-sc-93ev6e-2 gplLQL ddsweb-button__inner-container">Add</span></button></div></div></div></div></div></div><div class="styled__StyledMessagingContainer-sc-t48uy4-5 jHhxvV" orientation="vertical"><div class="styled__WhiteBackground-sc-xqtzo2-1 jDYWlb"><span class="Logo__StyledLogoWrapper-sc-10f4xmd-0 cGnQEK logo logo--size-sm aldi-price-match"><svg role="img" xmlns="http://www.w3.org/2000/svg" viewBox="0 0 56 56" fill="none" data-di-res-id="6ee628c8-932e3b0e" data-di-rand="1749971260968"><title>Aldi Price Match</title><path fill="#fff" d="M0 0h56v56H0z"></path><path d="M52 28C52 14.745 41.254 4 28 4 14.745 4 4 14.745 4 28s10.745 24 24 24c13.254 0 24-10.745 24-24Z" fill="#E81C2D"></path><mask id="a" style="mask-type: alpha;" maskUnits="userSpaceOnUse" x="19" y="22" width="33" height="27"><path d="m19.55 36.648 11.937 12.069L52 28.023V22.5l-.663.69-19.782 20-9.193-9.294-2.812 2.752Z" fill="#fff"></path></mask><g mask="url(#a)"><path d="M52 28C52 14.745 41.254 4 28 4 14.745 4 4 14.745 4 28s10.745 24 24 24c13.254 0 24-10.745 24-24Z" fill="#fff"></path></g><path d="m24.06 12.21-.698-2.06-.7 2.06h1.399Zm.36 1.06h-2.116l-.499 1.46H20.6l2.194-6.19h1.137l2.194 6.19h-1.206l-.498-1.46ZM27.57 14.73h-1.085V8.47h1.085v6.26ZM31.242 13.43c.213-.242.319-.57.319-.982 0-.412-.106-.74-.32-.98a1.02 1.02 0 0 0-.799-.364c-.32 0-.587.122-.8.363-.212.242-.319.569-.319.98 0 .414.107.741.32.982.212.242.479.363.8.363.32 0 .586-.121.799-.363Zm-2.068 1.07a2.03 2.03 0 0 1-.712-.841 2.768 2.768 0 0 1-.258-1.211c0-.454.083-.859.249-1.215.166-.357.398-.635.695-.835.297-.2.638-.301 1.023-.301.303 0 .569.054.796.163.227.11.402.264.524.464V8.47h1.085v6.26H31.49v-.55a1.429 1.429 0 0 1-.524.447 1.689 1.689 0 0 1-.787.173c-.367 0-.703-.1-1.006-.3ZM34.585 14.73h-1.084v-4.563h1.084v4.562Zm-1.04-6.163a.673.673 0 0 1 .498-.203.688.688 0 0 1 .7.707.687.687 0 0 1-.7.708.687.687 0 0 1-.7-.707c0-.2.067-.369.201-.505ZM19.543 19.502c.207-.183.31-.455.31-.814 0-.358-.103-.63-.31-.813-.207-.183-.488-.275-.843-.275h-1.298v2.177H18.7c.355 0 .636-.092.843-.275Zm-2.141 4.604H15.96v-7.852h2.85c.519 0 .966.107 1.343.32.378.213.666.505.866.875.2.37.299.783.299 1.24 0 .456-.1.869-.3 1.24-.2.37-.488.66-.865.874-.377.213-.824.32-1.342.32H17.4v2.983ZM21.866 18.318h1.376v.875c.162-.314.391-.553.687-.718.296-.164.625-.246.988-.246.377 0 .673.086.887.258l-.465 1.177a1.26 1.26 0 0 0-.61-.157c-.43 0-.785.187-1.066.561-.281.374-.421.95-.421 1.728v2.31h-1.376v-5.788ZM27.62 24.106h-1.375v-5.788h1.376v5.788Zm-1.32-7.818a.855.855 0 0 1 .633-.258c.25 0 .462.086.632.258.17.172.255.385.255.64a.874.874 0 0 1-.255.639.855.855 0 0 1-.632.258.873.873 0 0 1-.887-.898c0-.254.084-.467.254-.639ZM29.758 23.814a2.664 2.664 0 0 1-1.02-1.06c-.244-.452-.366-.966-.366-1.542 0-.576.122-1.09.366-1.542a2.669 2.669 0 0 1 1.02-1.06c.437-.254.936-.381 1.498-.381 1.272 0 2.134.527 2.585 1.581l-1.254.573c-.288-.584-.732-.876-1.33-.876-.43 0-.785.157-1.066.471-.28.315-.421.726-.421 1.234 0 .509.14.92.421 1.234.281.314.636.471 1.065.471.6 0 1.043-.291 1.331-.875l1.254.572c-.45 1.055-1.313 1.582-2.585 1.582-.562 0-1.061-.127-1.498-.382ZM38.286 20.561a1.284 1.284 0 0 0-.449-.807c-.248-.21-.56-.314-.938-.314-.318 0-.603.1-.854.297-.252.199-.425.473-.521.825h2.762Zm1.409 1.1h-4.227c.074.426.248.75.522.97.273.22.606.331.998.331.325 0 .598-.07.816-.208.218-.138.427-.349.627-.633l1.164.64a2.968 2.968 0 0 1-1.07 1.065c-.433.246-.971.37-1.614.37-.607 0-1.127-.144-1.559-.432a2.701 2.701 0 0 1-.971-1.116 3.332 3.332 0 0 1-.322-1.436c0-.5.113-.98.339-1.435.225-.456.553-.829.981-1.117.43-.287.936-.431 1.52-.431.592 0 1.099.134 1.52.403.422.27.74.623.954 1.06.215.438.322.903.322 1.397v.572ZM16.304 25.693h1.33l1.482 3.92 1.482-3.92h1.33v6.278h-1.153v-3.82l-1.224 3.246h-.87l-1.223-3.246v3.82h-1.154v-6.278ZM25.178 30.823a.85.85 0 0 0 .306-.663v-.126h-.869c-.254 0-.457.05-.608.148a.463.463 0 0 0-.226.408c0 .162.055.286.165.372.109.087.27.13.482.13.296 0 .546-.09.75-.269Zm-1.77 1.059a1.273 1.273 0 0 1-.78-1.211c0-.455.169-.82.506-1.099.337-.278.792-.417 1.366-.417h.984v-.161a.71.71 0 0 0-.24-.561c-.159-.14-.375-.21-.646-.21-.22 0-.418.058-.595.175a1.21 1.21 0 0 0-.399.407l-.843-.51a1.96 1.96 0 0 1 .71-.732c.313-.194.689-.29 1.127-.29.626 0 1.114.151 1.463.456.349.305.523.745.523 1.319v2.923h-.904l-.151-.592a1.617 1.617 0 0 1-.564.485c-.227.12-.495.179-.802.179-.267 0-.518-.054-.754-.161ZM27.555 30.41v-2.116h-.692v-.95h.692v-.772l1.1-.7v1.471h1.18v.951h-1.18v2.063c0 .442.175.663.523.663.16 0 .314-.062.461-.188l.497.852a1.494 1.494 0 0 1-.505.274c-.183.056-.37.085-.56.085-1.01 0-1.516-.544-1.516-1.632ZM31.223 31.738a2.128 2.128 0 0 1-.816-.848 2.552 2.552 0 0 1-.293-1.233c0-.46.097-.871.293-1.233.195-.361.466-.644.816-.847.349-.203.747-.305 1.197-.305 1.017 0 1.706.421 2.067 1.265l-1.003.457c-.23-.467-.585-.7-1.064-.7-.343 0-.627.126-.851.377-.225.251-.337.58-.337.986 0 .407.112.736.337.987.224.251.508.376.851.376.48 0 .834-.233 1.064-.699l1.003.458c-.36.843-1.05 1.264-2.067 1.264-.45 0-.848-.101-1.197-.305ZM35.013 25.622h1.1v2.448a1.655 1.655 0 0 1 1.437-.798c.484 0 .865.145 1.143.435.278.29.417.695.417 1.215v3.05h-1.1v-2.826c0-.275-.07-.485-.208-.632-.14-.147-.338-.22-.599-.22-.301 0-.558.136-.772.408-.213.272-.319.69-.319 1.251v2.018h-1.1v-6.35Z" fill="#fff"></path></svg></span><div data-testid="styled-info-message" class="base-components__BaseElement-sc-150pv2j-0 styled__StyledMessage-sc-1eaukok-0 iwUsaJ iAZKsl styled__InfoMessageWrapper-sc-xqtzo2-0 GfvES">Aldi Price Match</div></div></div></div></div></li><li data-testid="303391700" class="WL_DZ" data-auto-available="true"><div class="_ecrj"><div class="styled__StyledVerticalTile-sc-1r1v9f3-1 LihIl"><div class="woiNV"></div><div class="styled__StyledImageContainer-sc-t48uy4-0 bixZuE KZ_O1"><a class="styled__ImageContainer-sc-1fweb41-0 irjUEM" href="/groceries/en-GB/products/303391700" aria-hidden="true" tabindex="-1" data-testid="imageContainer_303391700" data-di-id="di-id-745e762e-4fc0de89"><img alt="" aria-label="" orientation="vertical" src="https://digitalcontent.api.tesco.com/v2/media/ghs/3f9f8d84-515e-4a0b-8869-d9370f1ddd33/e383c019-a0eb-4deb-be28-fabd54d803cd.jpeg?h=225&amp;w=225" loading="lazy" data-testid="imageElement_303391700" class="styled__StyledImage-sc-1fweb41-1 hCXoFX"></a></div><div class="styled__StyledTitleContainer-sc-t48uy4-1 hmpPZn"><h2 class="component__StyledHeading-sc-1t0ixqu-0 iDJPjF ddsweb-heading styled-sc-mz7xly-0 kXoSwE styled__StyledTitle-sc-1a6zg7t-0 etoGWB b_hC4 ddsweb-title-link__container"><a class="styled__Anchor-sc-1i711qa-0 gRXcDF ddsweb-title-link__link ddsweb-link__anchor" href="/groceries/en-GB/products/303391700" aria-label="Youngs Chip Shop 4 Large Cod Fillets 440G" data-di-id="di-id-799bdb7e-3916f434"><span class="styled__Text-sc-1i711qa-1 bsLJsh ddsweb-link__text">Youngs Chip Shop 4 Large Cod Fillets 440G</span></a></h2></div><div class="zWmtM"><div class="styled__StyledNonInteractiveContainer-sc-1de15j6-7 klymXO ddsweb-rating__container" data-testid="star-rating" aria-label="Average customer rating 2.4 out of 5 stars"><svg class="ddsweb-rating__icon-active" aria-hidden="true" xmlns="http://www.w3.org/2000/svg" width="12" height="12" viewBox="0 0 12 12" fill="none" data-di-res-id="6ee628c8-79518a59" data-di-rand="1749971260968"><path fill="var(--ddsweb-theme-colors-tesco-blue, #00539f)" stroke="var(--ddsweb-theme-colors-grayscale, #666666)" d="M6.24228 9.51529L6 9.38108L5.75772 9.51529L2.9631 11.0633L3.50417 7.74036L3.54466 7.49166L3.36886 7.31115L1.03607 4.91585L4.23368 4.42624L4.49754 4.38584L4.61078 4.14411L6 1.17863L7.38922 4.14411L7.50246 4.38584L7.76632 4.42624L10.9639 4.91585L8.63114 7.31115L8.45534 7.49166L8.49583 7.74035L9.0369 11.0633L6.24228 9.51529Z"></path></svg><svg class="ddsweb-rating__icon-active" aria-hidden="true" xmlns="http://www.w3.org/2000/svg" width="12" height="12" viewBox="0 0 12 12" fill="none" data-di-res-id="6ee628c8-dc4cb491" data-di-rand="1749971260968"><path fill="var(--ddsweb-theme-colors-tesco-blue, #00539f)" stroke="var(--ddsweb-theme-colors-grayscale, #666666)" d="M6.24228 9.51529L6 9.38108L5.75772 9.51529L2.9631 11.0633L3.50417 7.74036L3.54466 7.49166L3.36886 7.31115L1.03607 4.91585L4.23368 4.42624L4.49754 4.38584L4.61078 4.14411L6 1.17863L7.38922 4.14411L7.50246 4.38584L7.76632 4.42624L10.9639 4.91585L8.63114 7.31115L8.45534 7.49166L8.49583 7.74035L9.0369 11.0633L6.24228 9.51529Z"></path></svg><svg class="ddsweb-rating__icon-half-active" aria-hidden="true" xmlns="http://www.w3.org/2000/svg" width="12" height="12" viewBox="0 0 12 12" fill="none" data-di-res-id="610a738b-dadf7482" data-di-rand="1749971260968"><g clip-path="url(#clip0_1_2)"><path d="M6.24228 9.51529L6 9.38108L5.75772 9.51529L2.9631 11.0633L3.50417 7.74036L3.54466 7.49166L3.36886 7.31115L1.03607 4.91585L4.23368 4.42624L4.49754 4.38584L4.61078 4.14411L6 1.17863L7.38922 4.14411L7.50246 4.38584L7.76632 4.42624L10.9639 4.91585L8.63114 7.31115L8.45534 7.49166L8.49583 7.74036L9.0369 11.0633L6.24228 9.51529Z" fill="var(--ddsweb-theme-colors-tesco-blue, #00539f)"></path><path fill-rule="evenodd" clip-rule="evenodd" d="M6 9.95267V0L7.842 3.932L12 4.56867L8.98933 7.66L9.696 12L6 9.95267Z" fill="var(--ddsweb-theme-colors-white, #ffffff)"></path></g><path stroke="var(--ddsweb-theme-colors-grayscale, #666666)" d="M6.24228 9.51529L6 9.38108L5.75772 9.51529L2.9631 11.0633L3.50417 7.74036L3.54466 7.49166L3.36886 7.31115L1.03607 4.91585L4.23368 4.42624L4.49754 4.38584L4.61078 4.14411L6 1.17863L7.38922 4.14411L7.50246 4.38584L7.76632 4.42624L10.9639 4.91585L8.63114 7.31115L8.45534 7.49166L8.49583 7.74035L9.0369 11.0633L6.24228 9.51529Z"></path><defs><clipPath id="clip0_1_2"><rect width="12" height="12" fill="white"></rect></clipPath></defs></svg><svg class="ddsweb-rating__icon-inactive" aria-hidden="true" xmlns="http://www.w3.org/2000/svg" width="12" height="12" viewBox="0 0 12 12" fill="none" data-di-res-id="6ee628c8-c9e16db6" data-di-rand="1749971260968"><path fill="var(--ddsweb-theme-colors-white, #ffffff)" stroke="var(--ddsweb-theme-colors-grayscale, #666666)" d="M6.24228 9.51529L6 9.38108L5.75772 9.51529L2.9631 11.0633L3.50417 7.74036L3.54466 7.49166L3.36886 7.31115L1.03607 4.91585L4.23368 4.42624L4.49754 4.38584L4.61078 4.14411L6 1.17863L7.38922 4.14411L7.50246 4.38584L7.76632 4.42624L10.9639 4.91585L8.63114 7.31115L8.45534 7.49166L8.49583 7.74035L9.0369 11.0633L6.24228 9.51529Z"></path></svg><svg class="ddsweb-rating__icon-inactive" aria-hidden="true" xmlns="http://www.w3.org/2000/svg" width="12" height="12" viewBox="0 0 12 12" fill="none" data-di-res-id="6ee628c8-93520d22" data-di-rand="1749971260968"><path fill="var(--ddsweb-theme-colors-white, #ffffff)" stroke="var(--ddsweb-theme-colors-grayscale, #666666)" d="M6.24228 9.51529L6 9.38108L5.75772 9.51529L2.9631 11.0633L3.50417 7.74036L3.54466 7.49166L3.36886 7.31115L1.03607 4.91585L4.23368 4.42624L4.49754 4.38584L4.61078 4.14411L6 1.17863L7.38922 4.14411L7.50246 4.38584L7.76632 4.42624L10.9639 4.91585L8.63114 7.31115L8.45534 7.49166L8.49583 7.74035L9.0369 11.0633L6.24228 9.51529Z"></path></svg><p class="text__StyledText-sc-1jpzi8m-0 kiGrpI ddsweb-text styled__StyledHint-sc-1de15j6-8 MfAbW ddsweb-rating__hint">2.4 (49)</p></div></div><div class="styled__StyledVariationsContainer-sc-t48uy4-13 bDZUAH"></div><div class="styled__StyledDeliveryMessageContainer-sc-t48uy4-7 hhgAvL"></div><div class="styled__StyledDetailsContainer-sc-t48uy4-2 dMquZm" orientation="vertical"><a class="styled__Anchor-sc-1i711qa-0 lfiJmH styled__StyledLink-sc-k2gmo0-0 iktlRk ddsweb-link__anchor" href="/groceries/en-GB/reviews/submission/303391700" data-di-id="di-id-5538334c-70a435ae"><span class="styled__Text-sc-1i711qa-1 RIkWH ddsweb-link__text">Write a review</span><span class="styled__IconContainer-sc-1i711qa-2 femlOX ddsweb-link__icon-container"><svg aria-hidden="true" class="styled__SVG-sc-1fqfvah-1 iGyaMX ddsweb-link__icon ddsweb-icon__svg" height="10" preserveAspectRatio="xMinYMax meet" viewBox="-1 0 12 20" width="6" xmlns="http://www.w3.org/2000/svg" color="currentColor" data-di-res-id="6ee628c8-f43748d4" data-di-rand="1749971260968"><path d="M1.312 1.348L10.276 10l-8.964 8.644" fill="none" stroke="currentColor"></path></svg></span></a><a class="styled__Anchor-sc-1i711qa-0 lfiJmH styled__StyledLink-sc-1ylrywh-0 joIFCQ ddsweb-link__anchor" href="/groceries/en-GB/shop/frozen-food/fish-and-seafood/coated-fish/frozen-battered-fish" aria-label="Rest of shelf Frozen Battered Fish" data-di-id="di-id-fb7c9ed8-f98a9549"><span class="styled__Text-sc-1i711qa-1 RIkWH ddsweb-link__text">Rest of shelf</span><span class="styled__IconContainer-sc-1i711qa-2 femlOX ddsweb-link__icon-container"><svg aria-hidden="true" class="styled__SVG-sc-1fqfvah-1 iGyaMX ddsweb-link__icon ddsweb-icon__svg" height="10" preserveAspectRatio="xMinYMax meet" viewBox="-1 0 12 20" width="6" xmlns="http://www.w3.org/2000/svg" color="currentColor" data-di-res-id="82445f9f-50a9bfd6" data-di-rand="1749971260968"><path d="M1.312 1.348L10.276 10l-8.964 8.644" fill="none" stroke="currentColor"></path></svg></span></a></div><div class="styled__StyledPromotionsContainer-sc-t48uy4-4 iFrZAf"></div><div class="styled__StyledBuyBoxContainer-sc-t48uy4-3 jYiGsR SYzVz" orientation="vertical"><div class="base-components__RootElement-sc-150pv2j-1 styled__Container-sc-159tobh-0 gUUOsR cyGXML gmbSL ddsweb-buybox__container"><div class="base-components__BaseElement-sc-150pv2j-0 styled__PriceAndActions-sc-159tobh-3 iwUsaJ hyWgI ddsweb-buybox__price-and-actions"><div class="styled__StyledPriceContainer-sc-159tobh-5 kpODmQ"><div class="base-components__RootElement-sc-150pv2j-1 styled__Container-sc-v0qv7n-0 gUUOsR dECJWY ddsweb-buybox__price ddsweb-price__container"><p class="text__StyledText-sc-1jpzi8m-0 gyHOWz ddsweb-text styled__PriceText-sc-v0qv7n-1 cXlRF">£6.90</p><p class="text__StyledText-sc-1jpzi8m-0 kiGrpI ddsweb-text styled__Subtext-sc-v0qv7n-2 kLkheV ddsweb-price__subtext">£15.68/kg</p></div></div><div class="base-components__RootElement-sc-150pv2j-1 styled__Container-sc-195yncy-0 gUUOsR fGLoHO ddsweb-buybox__actions ddsweb-quantity-controls__container"><div class="base-components__RootElement-sc-150pv2j-1 styled__Container-sc-1rbigln-0 gUUOsR jjKXIy styled__StyledFormGroup-sc-195yncy-1 ldxiiI ddsweb-quantity-controls__form-group ddsweb-form-group__container"><label class="styled__StyledLabel-sc-1bpek9-0 CsZQe styled__StyledLabel-sc-1rbigln-2 eaqwEU ddsweb-form-group__label ddsweb-label" for="quantity-controls-303391700">Quantity controls, undefined</label><div class="base-components__BaseElement-sc-150pv2j-0 styled__Children-sc-1rbigln-5 iwUsaJ csugvD ddsweb-form-group__children"><div class="styled__StyledQuantityControlWrapper-sc-195yncy-6 lbTVkV"><label id="quantity-controls-303391700-label" class="styled__VisuallyHiddenLabel-sc-195yncy-7 bflMtB">Quantity of Youngs Chip Shop 4 Large Cod Fillets 440G</label><div class="component__Wrapper-sc-19wd3h0-3 kiZcNf input-wrapper"><input class="base-components__RootElement-sc-150pv2j-1 styled__StyledInput-sc-7h0jvk-0 component__StyledAsInput-sc-19wd3h0-4 gUUOsR hlAFFt styled__StyledInput-sc-195yncy-3 jPiMHf ddsweb-quantity-controls__input ddsweb-input" data-auto="ddsweb-quantity-controls-input" autocomplete="off" id="quantity-controls-303391700" maxlength="2" type="number" aria-labelledby="quantity-controls-303391700-label" value="1" data-di-id="#quantity-controls-303391700"></div></div><button class="styled__StyledTextButton-sc-8hxn3m-0 bjIvKR styled__StyledButton-sc-195yncy-5 jUbPrY ddsweb-quantity-controls__add-button ddsweb-button ddsweb-button--text-button" type="submit" data-auto="ddsweb-quantity-controls-add-button" aria-label="add 1 Youngs Chip Shop 4 Large Cod Fillets 440G" data-di-id="di-id-21e0a446-63c87951"><span class="shared-containers__StyledInnerContainer-sc-93ev6e-2 gplLQL ddsweb-button__inner-container">Add</span></button></div></div></div></div></div></div><div class="styled__StyledMessagingContainer-sc-t48uy4-5 jHhxvV" orientation="vertical"></div></div></div></li><li data-testid="268228424" class="WL_DZ" data-auto-available="true"><div class="_ecrj"><div class="styled__StyledVerticalTile-sc-1r1v9f3-1 LihIl"><div class="woiNV"></div><div class="styled__StyledImageContainer-sc-t48uy4-0 bixZuE KZ_O1"><a class="styled__ImageContainer-sc-1fweb41-0 irjUEM" href="/groceries/en-GB/products/268228424" aria-hidden="true" tabindex="-1" data-testid="imageContainer_268228424" data-di-id="di-id-745e762e-207f0f8"><img alt="" aria-label="" orientation="vertical" src="https://digitalcontent.api.tesco.com/v2/media/ghs/44c01016-378f-45a7-a0bd-42e9abadda22/6a3f2bd0-4826-40dc-a170-cbe9a5cf3176.jpeg?h=225&amp;w=225" loading="lazy" data-testid="imageElement_268228424" class="styled__StyledImage-sc-1fweb41-1 hCXoFX"></a></div><div class="styled__StyledTitleContainer-sc-t48uy4-1 hmpPZn"><h2 class="component__StyledHeading-sc-1t0ixqu-0 iDJPjF ddsweb-heading styled-sc-mz7xly-0 kXoSwE styled__StyledTitle-sc-1a6zg7t-0 etoGWB b_hC4 ddsweb-title-link__container"><a class="styled__Anchor-sc-1i711qa-0 gRXcDF ddsweb-title-link__link ddsweb-link__anchor" href="/groceries/en-GB/products/268228424" aria-label="Tesco Basa Fillets 500G" data-di-id="di-id-799bdb7e-74d1da45"><span class="styled__Text-sc-1i711qa-1 bsLJsh ddsweb-link__text">Tesco Basa Fillets 500G</span></a></h2></div><div class="zWmtM"><div class="styled__StyledNonInteractiveContainer-sc-1de15j6-7 klymXO ddsweb-rating__container" data-testid="star-rating" aria-label="Average customer rating 3.9 out of 5 stars"><svg class="ddsweb-rating__icon-active" aria-hidden="true" xmlns="http://www.w3.org/2000/svg" width="12" height="12" viewBox="0 0 12 12" fill="none" data-di-res-id="d65a4fad-5ad72b7b" data-di-rand="1749971260969"><path fill="var(--ddsweb-theme-colors-tesco-blue, #00539f)" stroke="var(--ddsweb-theme-colors-grayscale, #666666)" d="M6.24228 9.51529L6 9.38108L5.75772 9.51529L2.9631 11.0633L3.50417 7.74036L3.54466 7.49166L3.36886 7.31115L1.03607 4.91585L4.23368 4.42624L4.49754 4.38584L4.61078 4.14411L6 1.17863L7.38922 4.14411L7.50246 4.38584L7.76632 4.42624L10.9639 4.91585L8.63114 7.31115L8.45534 7.49166L8.49583 7.74035L9.0369 11.0633L6.24228 9.51529Z"></path></svg><svg class="ddsweb-rating__icon-active" aria-hidden="true" xmlns="http://www.w3.org/2000/svg" width="12" height="12" viewBox="0 0 12 12" fill="none" data-di-res-id="d65a4fad-b90d780c" data-di-rand="1749971260969"><path fill="var(--ddsweb-theme-colors-tesco-blue, #00539f)" stroke="var(--ddsweb-theme-colors-grayscale, #666666)" d="M6.24228 9.51529L6 9.38108L5.75772 9.51529L2.9631 11.0633L3.50417 7.74036L3.54466 7.49166L3.36886 7.31115L1.03607 4.91585L4.23368 4.42624L4.49754 4.38584L4.61078 4.14411L6 1.17863L7.38922 4.14411L7.50246 4.38584L7.76632 4.42624L10.9639 4.91585L8.63114 7.31115L8.45534 7.49166L8.49583 7.74035L9.0369 11.0633L6.24228 9.51529Z"></path></svg><svg class="ddsweb-rating__icon-active" aria-hidden="true" xmlns="http://www.w3.org/2000/svg" width="12" height="12" viewBox="0 0 12 12" fill="none" data-di-res-id="d65a4fad-7e1a626f" data-di-rand="1749971260969"><path fill="var(--ddsweb-theme-colors-tesco-blue, #00539f)" stroke="var(--ddsweb-theme-colors-grayscale, #666666)" d="M6.24228 9.51529L6 9.38108L5.75772 9.51529L2.9631 11.0633L3.50417 7.74036L3.54466 7.49166L3.36886 7.31115L1.03607 4.91585L4.23368 4.42624L4.49754 4.38584L4.61078 4.14411L6 1.17863L7.38922 4.14411L7.50246 4.38584L7.76632 4.42624L10.9639 4.91585L8.63114 7.31115L8.45534 7.49166L8.49583 7.74035L9.0369 11.0633L6.24228 9.51529Z"></path></svg><svg class="ddsweb-rating__icon-half-active" aria-hidden="true" xmlns="http://www.w3.org/2000/svg" width="12" height="12" viewBox="0 0 12 12" fill="none" data-di-res-id="d65a4fad-e67aac81" data-di-rand="1749971260969"><g clip-path="url(#clip0_1_2)"><path d="M6.24228 9.51529L6 9.38108L5.75772 9.51529L2.9631 11.0633L3.50417 7.74036L3.54466 7.49166L3.36886 7.31115L1.03607 4.91585L4.23368 4.42624L4.49754 4.38584L4.61078 4.14411L6 1.17863L7.38922 4.14411L7.50246 4.38584L7.76632 4.42624L10.9639 4.91585L8.63114 7.31115L8.45534 7.49166L8.49583 7.74036L9.0369 11.0633L6.24228 9.51529Z" fill="var(--ddsweb-theme-colors-tesco-blue, #00539f)"></path><path fill-rule="evenodd" clip-rule="evenodd" d="M6 9.95267V0L7.842 3.932L12 4.56867L8.98933 7.66L9.696 12L6 9.95267Z" fill="var(--ddsweb-theme-colors-white, #ffffff)"></path></g><path stroke="var(--ddsweb-theme-colors-grayscale, #666666)" d="M6.24228 9.51529L6 9.38108L5.75772 9.51529L2.9631 11.0633L3.50417 7.74036L3.54466 7.49166L3.36886 7.31115L1.03607 4.91585L4.23368 4.42624L4.49754 4.38584L4.61078 4.14411L6 1.17863L7.38922 4.14411L7.50246 4.38584L7.76632 4.42624L10.9639 4.91585L8.63114 7.31115L8.45534 7.49166L8.49583 7.74035L9.0369 11.0633L6.24228 9.51529Z"></path><defs><clipPath id="clip0_1_2"><rect width="12" height="12" fill="white"></rect></clipPath></defs></svg><svg class="ddsweb-rating__icon-inactive" aria-hidden="true" xmlns="http://www.w3.org/2000/svg" width="12" height="12" viewBox="0 0 12 12" fill="none" data-di-res-id="d65a4fad-f76adfc5" data-di-rand="1749971260969"><path fill="var(--ddsweb-theme-colors-white, #ffffff)" stroke="var(--ddsweb-theme-colors-grayscale, #666666)" d="M6.24228 9.51529L6 9.38108L5.75772 9.51529L2.9631 11.0633L3.50417 7.74036L3.54466 7.49166L3.36886 7.31115L1.03607 4.91585L4.23368 4.42624L4.49754 4.38584L4.61078 4.14411L6 1.17863L7.38922 4.14411L7.50246 4.38584L7.76632 4.42624L10.9639 4.91585L8.63114 7.31115L8.45534 7.49166L8.49583 7.74035L9.0369 11.0633L6.24228 9.51529Z"></path></svg><p class="text__StyledText-sc-1jpzi8m-0 kiGrpI ddsweb-text styled__StyledHint-sc-1de15j6-8 MfAbW ddsweb-rating__hint">3.9 (41)</p></div></div><div class="styled__StyledVariationsContainer-sc-t48uy4-13 bDZUAH"></div><div class="styled__StyledDeliveryMessageContainer-sc-t48uy4-7 hhgAvL"></div><div class="styled__StyledDetailsContainer-sc-t48uy4-2 dMquZm" orientation="vertical"><a class="styled__Anchor-sc-1i711qa-0 lfiJmH styled__StyledLink-sc-k2gmo0-0 iktlRk ddsweb-link__anchor" href="/groceries/en-GB/reviews/submission/268228424" data-di-id="di-id-5538334c-3d631bdf"><span class="styled__Text-sc-1i711qa-1 RIkWH ddsweb-link__text">Write a review</span><span class="styled__IconContainer-sc-1i711qa-2 femlOX ddsweb-link__icon-container"><svg aria-hidden="true" class="styled__SVG-sc-1fqfvah-1 iGyaMX ddsweb-link__icon ddsweb-icon__svg" height="10" preserveAspectRatio="xMinYMax meet" viewBox="-1 0 12 20" width="6" xmlns="http://www.w3.org/2000/svg" color="currentColor" data-di-res-id="d65a4fad-9015f6c9" data-di-rand="1749971260969"><path d="M1.312 1.348L10.276 10l-8.964 8.644" fill="none" stroke="currentColor"></path></svg></span></a><a class="styled__Anchor-sc-1i711qa-0 lfiJmH styled__StyledLink-sc-1ylrywh-0 joIFCQ ddsweb-link__anchor" href="/groceries/en-GB/shop/frozen-food/fish-and-seafood/fish-fillets/frozen-cod-and-white-fish" aria-label="Rest of shelf Frozen Cod &amp; White Fish" data-di-id="di-id-b3d95c51-f99e47a9"><span class="styled__Text-sc-1i711qa-1 RIkWH ddsweb-link__text">Rest of shelf</span><span class="styled__IconContainer-sc-1i711qa-2 femlOX ddsweb-link__icon-container"><svg aria-hidden="true" class="styled__SVG-sc-1fqfvah-1 iGyaMX ddsweb-link__icon ddsweb-icon__svg" height="10" preserveAspectRatio="xMinYMax meet" viewBox="-1 0 12 20" width="6" xmlns="http://www.w3.org/2000/svg" color="currentColor" data-di-res-id="d65a4fad-26dbc481" data-di-rand="1749971260969"><path d="M1.312 1.348L10.276 10l-8.964 8.644" fill="none" stroke="currentColor"></path></svg></span></a></div><div class="styled__StyledPromotionsContainer-sc-t48uy4-4 iFrZAf"></div><div class="styled__StyledBuyBoxContainer-sc-t48uy4-3 jYiGsR SYzVz" orientation="vertical"><div class="base-components__RootElement-sc-150pv2j-1 styled__Container-sc-159tobh-0 gUUOsR cyGXML gmbSL ddsweb-buybox__container"><div class="base-components__BaseElement-sc-150pv2j-0 styled__PriceAndActions-sc-159tobh-3 iwUsaJ hyWgI ddsweb-buybox__price-and-actions"><div class="styled__StyledPriceContainer-sc-159tobh-5 kpODmQ"><div class="base-components__RootElement-sc-150pv2j-1 styled__Container-sc-v0qv7n-0 gUUOsR dECJWY ddsweb-buybox__price ddsweb-price__container"><p class="text__StyledText-sc-1jpzi8m-0 gyHOWz ddsweb-text styled__PriceText-sc-v0qv7n-1 cXlRF">£5.00</p><p class="text__StyledText-sc-1jpzi8m-0 kiGrpI ddsweb-text styled__Subtext-sc-v0qv7n-2 kLkheV ddsweb-price__subtext">£10.00/kg</p></div></div><div class="base-components__RootElement-sc-150pv2j-1 styled__Container-sc-195yncy-0 gUUOsR fGLoHO ddsweb-buybox__actions ddsweb-quantity-controls__container"><div class="base-components__RootElement-sc-150pv2j-1 styled__Container-sc-1rbigln-0 gUUOsR jjKXIy styled__StyledFormGroup-sc-195yncy-1 ldxiiI ddsweb-quantity-controls__form-group ddsweb-form-group__container"><label class="styled__StyledLabel-sc-1bpek9-0 CsZQe styled__StyledLabel-sc-1rbigln-2 eaqwEU ddsweb-form-group__label ddsweb-label" for="quantity-controls-268228424">Quantity controls, undefined</label><div class="base-components__BaseElement-sc-150pv2j-0 styled__Children-sc-1rbigln-5 iwUsaJ csugvD ddsweb-form-group__children"><div class="styled__StyledQuantityControlWrapper-sc-195yncy-6 lbTVkV"><label id="quantity-controls-268228424-label" class="styled__VisuallyHiddenLabel-sc-195yncy-7 bflMtB">Quantity of Tesco Basa Fillets 500G</label><div class="component__Wrapper-sc-19wd3h0-3 kiZcNf input-wrapper"><input class="base-components__RootElement-sc-150pv2j-1 styled__StyledInput-sc-7h0jvk-0 component__StyledAsInput-sc-19wd3h0-4 gUUOsR hlAFFt styled__StyledInput-sc-195yncy-3 jPiMHf ddsweb-quantity-controls__input ddsweb-input" data-auto="ddsweb-quantity-controls-input" autocomplete="off" id="quantity-controls-268228424" maxlength="2" type="number" aria-labelledby="quantity-controls-268228424-label" value="1" data-di-id="#quantity-controls-268228424"></div></div><button class="styled__StyledTextButton-sc-8hxn3m-0 bjIvKR styled__StyledButton-sc-195yncy-5 jUbPrY ddsweb-quantity-controls__add-button ddsweb-button ddsweb-button--text-button" type="submit" data-auto="ddsweb-quantity-controls-add-button" aria-label="add 1 Tesco Basa Fillets 500G" data-di-id="di-id-21e0a446-31399236"><span class="shared-containers__StyledInnerContainer-sc-93ev6e-2 gplLQL ddsweb-button__inner-container">Add</span></button></div></div></div></div></div></div><div class="styled__StyledMessagingContainer-sc-t48uy4-5 jHhxvV" orientation="vertical"></div></div></div></li><li data-testid="302706337" class="WL_DZ" data-auto-available="true"><div class="_ecrj"><div class="styled__StyledVerticalTile-sc-1r1v9f3-1 LihIl"><div class="woiNV"></div><div class="styled__StyledImageContainer-sc-t48uy4-0 bixZuE KZ_O1"><a class="styled__ImageContainer-sc-1fweb41-0 irjUEM" href="/groceries/en-GB/products/302706337" aria-hidden="true" tabindex="-1" data-testid="imageContainer_302706337" data-di-id="di-id-745e762e-b616aef0"><img alt="" aria-label="" orientation="vertical" src="https://digitalcontent.api.tesco.com/v2/media/ghs/b60edf5b-aee2-4646-b876-bea5263074f2/7434af16-a570-40de-bf63-fb5a6e241533.jpeg?h=225&amp;w=225" loading="lazy" data-testid="imageElement_302706337" class="styled__StyledImage-sc-1fweb41-1 hCXoFX"></a></div><div class="styled__StyledTitleContainer-sc-t48uy4-1 hmpPZn"><h2 class="component__StyledHeading-sc-1t0ixqu-0 iDJPjF ddsweb-heading styled-sc-mz7xly-0 kXoSwE styled__StyledTitle-sc-1a6zg7t-0 etoGWB b_hC4 ddsweb-title-link__container"><a class="styled__Anchor-sc-1i711qa-0 gRXcDF ddsweb-title-link__link ddsweb-link__anchor" href="/groceries/en-GB/products/302706337" aria-label="Tesco Wild Salmon Fillets 500G" data-di-id="di-id-799bdb7e-c0c0844d"><span class="styled__Text-sc-1i711qa-1 bsLJsh ddsweb-link__text">Tesco Wild Salmon Fillets 500G</span></a></h2></div><div class="zWmtM"><div class="styled__StyledNonInteractiveContainer-sc-1de15j6-7 klymXO ddsweb-rating__container" data-testid="star-rating" aria-label="Average customer rating 1.9 out of 5 stars"><svg class="ddsweb-rating__icon-active" aria-hidden="true" xmlns="http://www.w3.org/2000/svg" width="12" height="12" viewBox="0 0 12 12" fill="none" data-di-res-id="d65a4fad-fbc7d4de" data-di-rand="1749971260969"><path fill="var(--ddsweb-theme-colors-tesco-blue, #00539f)" stroke="var(--ddsweb-theme-colors-grayscale, #666666)" d="M6.24228 9.51529L6 9.38108L5.75772 9.51529L2.9631 11.0633L3.50417 7.74036L3.54466 7.49166L3.36886 7.31115L1.03607 4.91585L4.23368 4.42624L4.49754 4.38584L4.61078 4.14411L6 1.17863L7.38922 4.14411L7.50246 4.38584L7.76632 4.42624L10.9639 4.91585L8.63114 7.31115L8.45534 7.49166L8.49583 7.74035L9.0369 11.0633L6.24228 9.51529Z"></path></svg><svg class="ddsweb-rating__icon-half-active" aria-hidden="true" xmlns="http://www.w3.org/2000/svg" width="12" height="12" viewBox="0 0 12 12" fill="none" data-di-res-id="d65a4fad-3f1e8891" data-di-rand="1749971260969"><g clip-path="url(#clip0_1_2)"><path d="M6.24228 9.51529L6 9.38108L5.75772 9.51529L2.9631 11.0633L3.50417 7.74036L3.54466 7.49166L3.36886 7.31115L1.03607 4.91585L4.23368 4.42624L4.49754 4.38584L4.61078 4.14411L6 1.17863L7.38922 4.14411L7.50246 4.38584L7.76632 4.42624L10.9639 4.91585L8.63114 7.31115L8.45534 7.49166L8.49583 7.74036L9.0369 11.0633L6.24228 9.51529Z" fill="var(--ddsweb-theme-colors-tesco-blue, #00539f)"></path><path fill-rule="evenodd" clip-rule="evenodd" d="M6 9.95267V0L7.842 3.932L12 4.56867L8.98933 7.66L9.696 12L6 9.95267Z" fill="var(--ddsweb-theme-colors-white, #ffffff)"></path></g><path stroke="var(--ddsweb-theme-colors-grayscale, #666666)" d="M6.24228 9.51529L6 9.38108L5.75772 9.51529L2.9631 11.0633L3.50417 7.74036L3.54466 7.49166L3.36886 7.31115L1.03607 4.91585L4.23368 4.42624L4.49754 4.38584L4.61078 4.14411L6 1.17863L7.38922 4.14411L7.50246 4.38584L7.76632 4.42624L10.9639 4.91585L8.63114 7.31115L8.45534 7.49166L8.49583 7.74035L9.0369 11.0633L6.24228 9.51529Z"></path><defs><clipPath id="clip0_1_2"><rect width="12" height="12" fill="white"></rect></clipPath></defs></svg><svg class="ddsweb-rating__icon-inactive" aria-hidden="true" xmlns="http://www.w3.org/2000/svg" width="12" height="12" viewBox="0 0 12 12" fill="none" data-di-res-id="d65a4fad-70dffbb4" data-di-rand="1749971260969"><path fill="var(--ddsweb-theme-colors-white, #ffffff)" stroke="var(--ddsweb-theme-colors-grayscale, #666666)" d="M6.24228 9.51529L6 9.38108L5.75772 9.51529L2.9631 11.0633L3.50417 7.74036L3.54466 7.49166L3.36886 7.31115L1.03607 4.91585L4.23368 4.42624L4.49754 4.38584L4.61078 4.14411L6 1.17863L7.38922 4.14411L7.50246 4.38584L7.76632 4.42624L10.9639 4.91585L8.63114 7.31115L8.45534 7.49166L8.49583 7.74035L9.0369 11.0633L6.24228 9.51529Z"></path></svg><svg class="ddsweb-rating__icon-inactive" aria-hidden="true" xmlns="http://www.w3.org/2000/svg" width="12" height="12" viewBox="0 0 12 12" fill="none" data-di-res-id="d65a4fad-ac770011" data-di-rand="1749971260969"><path fill="var(--ddsweb-theme-colors-white, #ffffff)" stroke="var(--ddsweb-theme-colors-grayscale, #666666)" d="M6.24228 9.51529L6 9.38108L5.75772 9.51529L2.9631 11.0633L3.50417 7.74036L3.54466 7.49166L3.36886 7.31115L1.03607 4.91585L4.23368 4.42624L4.49754 4.38584L4.61078 4.14411L6 1.17863L7.38922 4.14411L7.50246 4.38584L7.76632 4.42624L10.9639 4.91585L8.63114 7.31115L8.45534 7.49166L8.49583 7.74035L9.0369 11.0633L6.24228 9.51529Z"></path></svg><svg class="ddsweb-rating__icon-inactive" aria-hidden="true" xmlns="http://www.w3.org/2000/svg" width="12" height="12" viewBox="0 0 12 12" fill="none" data-di-res-id="d65a4fad-aac55203" data-di-rand="1749971260969"><path fill="var(--ddsweb-theme-colors-white, #ffffff)" stroke="var(--ddsweb-theme-colors-grayscale, #666666)" d="M6.24228 9.51529L6 9.38108L5.75772 9.51529L2.9631 11.0633L3.50417 7.74036L3.54466 7.49166L3.36886 7.31115L1.03607 4.91585L4.23368 4.42624L4.49754 4.38584L4.61078 4.14411L6 1.17863L7.38922 4.14411L7.50246 4.38584L7.76632 4.42624L10.9639 4.91585L8.63114 7.31115L8.45534 7.49166L8.49583 7.74035L9.0369 11.0633L6.24228 9.51529Z"></path></svg><p class="text__StyledText-sc-1jpzi8m-0 kiGrpI ddsweb-text styled__StyledHint-sc-1de15j6-8 MfAbW ddsweb-rating__hint">1.9 (183)</p></div></div><div class="styled__StyledVariationsContainer-sc-t48uy4-13 bDZUAH"></div><div class="styled__StyledDeliveryMessageContainer-sc-t48uy4-7 hhgAvL"></div><div class="styled__StyledDetailsContainer-sc-t48uy4-2 dMquZm" orientation="vertical"><a class="styled__Anchor-sc-1i711qa-0 lfiJmH styled__StyledLink-sc-k2gmo0-0 iktlRk ddsweb-link__anchor" href="/groceries/en-GB/reviews/submission/302706337" data-di-id="di-id-5538334c-897245d7"><span class="styled__Text-sc-1i711qa-1 RIkWH ddsweb-link__text">Write a review</span><span class="styled__IconContainer-sc-1i711qa-2 femlOX ddsweb-link__icon-container"><svg aria-hidden="true" class="styled__SVG-sc-1fqfvah-1 iGyaMX ddsweb-link__icon ddsweb-icon__svg" height="10" preserveAspectRatio="xMinYMax meet" viewBox="-1 0 12 20" width="6" xmlns="http://www.w3.org/2000/svg" color="currentColor" data-di-res-id="d65a4fad-6f808570" data-di-rand="1749971260969"><path d="M1.312 1.348L10.276 10l-8.964 8.644" fill="none" stroke="currentColor"></path></svg></span></a><a class="styled__Anchor-sc-1i711qa-0 lfiJmH styled__StyledLink-sc-1ylrywh-0 joIFCQ ddsweb-link__anchor" href="/groceries/en-GB/shop/frozen-food/fish-and-seafood/fish-fillets/frozen-salmon-and-tuna" aria-label="Rest of shelf Frozen Salmon &amp; Tuna" data-di-id="di-id-93fde973-4b9aa7c5"><span class="styled__Text-sc-1i711qa-1 RIkWH ddsweb-link__text">Rest of shelf</span><span class="styled__IconContainer-sc-1i711qa-2 femlOX ddsweb-link__icon-container"><svg aria-hidden="true" class="styled__SVG-sc-1fqfvah-1 iGyaMX ddsweb-link__icon ddsweb-icon__svg" height="10" preserveAspectRatio="xMinYMax meet" viewBox="-1 0 12 20" width="6" xmlns="http://www.w3.org/2000/svg" color="currentColor" data-di-res-id="d65a4fad-9a5239eb" data-di-rand="1749971260969"><path d="M1.312 1.348L10.276 10l-8.964 8.644" fill="none" stroke="currentColor"></path></svg></span></a></div><div class="styled__StyledPromotionsContainer-sc-t48uy4-4 iFrZAf"></div><div class="styled__StyledBuyBoxContainer-sc-t48uy4-3 jYiGsR SYzVz" orientation="vertical"><div class="base-components__RootElement-sc-150pv2j-1 styled__Container-sc-159tobh-0 gUUOsR cyGXML gmbSL ddsweb-buybox__container"><div class="base-components__BaseElement-sc-150pv2j-0 styled__PriceAndActions-sc-159tobh-3 iwUsaJ hyWgI ddsweb-buybox__price-and-actions"><div class="styled__StyledPriceContainer-sc-159tobh-5 kpODmQ"><div class="base-components__RootElement-sc-150pv2j-1 styled__Container-sc-v0qv7n-0 gUUOsR dECJWY ddsweb-buybox__price ddsweb-price__container"><p class="text__StyledText-sc-1jpzi8m-0 gyHOWz ddsweb-text styled__PriceText-sc-v0qv7n-1 cXlRF">£5.50</p><p class="text__StyledText-sc-1jpzi8m-0 kiGrpI ddsweb-text styled__Subtext-sc-v0qv7n-2 kLkheV ddsweb-price__subtext">£11.00/kg</p></div></div><div class="base-components__RootElement-sc-150pv2j-1 styled__Container-sc-195yncy-0 gUUOsR fGLoHO ddsweb-buybox__actions ddsweb-quantity-controls__container"><div class="base-components__RootElement-sc-150pv2j-1 styled__Container-sc-1rbigln-0 gUUOsR jjKXIy styled__StyledFormGroup-sc-195yncy-1 ldxiiI ddsweb-quantity-controls__form-group ddsweb-form-group__container"><label class="styled__StyledLabel-sc-1bpek9-0 CsZQe styled__StyledLabel-sc-1rbigln-2 eaqwEU ddsweb-form-group__label ddsweb-label" for="quantity-controls-302706337">Quantity controls, undefined</label><div class="base-components__BaseElement-sc-150pv2j-0 styled__Children-sc-1rbigln-5 iwUsaJ csugvD ddsweb-form-group__children"><div class="styled__StyledQuantityControlWrapper-sc-195yncy-6 lbTVkV"><label id="quantity-controls-302706337-label" class="styled__VisuallyHiddenLabel-sc-195yncy-7 bflMtB">Quantity of Tesco Wild Salmon Fillets 500G</label><div class="component__Wrapper-sc-19wd3h0-3 kiZcNf input-wrapper"><input class="base-components__RootElement-sc-150pv2j-1 styled__StyledInput-sc-7h0jvk-0 component__StyledAsInput-sc-19wd3h0-4 gUUOsR hlAFFt styled__StyledInput-sc-195yncy-3 jPiMHf ddsweb-quantity-controls__input ddsweb-input" data-auto="ddsweb-quantity-controls-input" autocomplete="off" id="quantity-controls-302706337" maxlength="2" type="number" aria-labelledby="quantity-controls-302706337-label" value="1" data-di-id="#quantity-controls-302706337"></div></div><button class="styled__StyledTextButton-sc-8hxn3m-0 bjIvKR styled__StyledButton-sc-195yncy-5 jUbPrY ddsweb-quantity-controls__add-button ddsweb-button ddsweb-button--text-button" type="submit" data-auto="ddsweb-quantity-controls-add-button" aria-label="add 1 Tesco Wild Salmon Fillets 500G" data-di-id="di-id-21e0a446-463ea2a0"><span class="shared-containers__StyledInnerContainer-sc-93ev6e-2 gplLQL ddsweb-button__inner-container">Add</span></button></div></div></div></div></div></div><div class="styled__StyledMessagingContainer-sc-t48uy4-5 jHhxvV" orientation="vertical"></div></div></div></li><li data-testid="271529162" class="WL_DZ" data-auto-available="true"><div class="_ecrj"><div class="styled__StyledVerticalTile-sc-1r1v9f3-1 LihIl"><div class="woiNV"></div><div class="styled__StyledImageContainer-sc-t48uy4-0 bixZuE KZ_O1"><a class="styled__ImageContainer-sc-1fweb41-0 irjUEM" href="/groceries/en-GB/products/271529162" aria-hidden="true" tabindex="-1" data-testid="imageContainer_271529162" data-di-id="di-id-745e762e-c3f093b4"><img alt="" aria-label="" orientation="vertical" src="https://digitalcontent.api.tesco.com/v2/media/ghs/4ea9f71e-8aef-4cc1-a293-c621e0f6c0aa/144fc0b0-ae15-482a-9473-f89b420f1112.jpeg?h=225&amp;w=225" loading="lazy" data-testid="imageElement_271529162" class="styled__StyledImage-sc-1fweb41-1 hCXoFX"></a></div><div class="styled__StyledTitleContainer-sc-t48uy4-1 hmpPZn"><h2 class="component__StyledHeading-sc-1t0ixqu-0 iDJPjF ddsweb-heading styled-sc-mz7xly-0 kXoSwE styled__StyledTitle-sc-1a6zg7t-0 etoGWB b_hC4 ddsweb-title-link__container"><a class="styled__Anchor-sc-1i711qa-0 gRXcDF ddsweb-title-link__link ddsweb-link__anchor" href="/groceries/en-GB/products/271529162" aria-label="Tesco Breaded Chunky Haddock Fillets 350g" data-di-id="di-id-799bdb7e-b526b909"><span class="styled__Text-sc-1i711qa-1 bsLJsh ddsweb-link__text">Tesco Breaded Chunky Haddock Fillets 350g</span></a></h2></div><div class="zWmtM"><div class="styled__StyledNonInteractiveContainer-sc-1de15j6-7 klymXO ddsweb-rating__container" data-testid="star-rating" aria-label="Average customer rating 4.1 out of 5 stars"><svg class="ddsweb-rating__icon-active" aria-hidden="true" xmlns="http://www.w3.org/2000/svg" width="12" height="12" viewBox="0 0 12 12" fill="none" data-di-res-id="96322997-7f390417" data-di-rand="1749971260970"><path fill="var(--ddsweb-theme-colors-tesco-blue, #00539f)" stroke="var(--ddsweb-theme-colors-grayscale, #666666)" d="M6.24228 9.51529L6 9.38108L5.75772 9.51529L2.9631 11.0633L3.50417 7.74036L3.54466 7.49166L3.36886 7.31115L1.03607 4.91585L4.23368 4.42624L4.49754 4.38584L4.61078 4.14411L6 1.17863L7.38922 4.14411L7.50246 4.38584L7.76632 4.42624L10.9639 4.91585L8.63114 7.31115L8.45534 7.49166L8.49583 7.74035L9.0369 11.0633L6.24228 9.51529Z"></path></svg><svg class="ddsweb-rating__icon-active" aria-hidden="true" xmlns="http://www.w3.org/2000/svg" width="12" height="12" viewBox="0 0 12 12" fill="none" data-di-res-id="96322997-eaee7ce1" data-di-rand="1749971260970"><path fill="var(--ddsweb-theme-colors-tesco-blue, #00539f)" stroke="var(--ddsweb-theme-colors-grayscale, #666666)" d="M6.24228 9.51529L6 9.38108L5.75772 9.51529L2.9631 11.0633L3.50417 7.74036L3.54466 7.49166L3.36886 7.31115L1.03607 4.91585L4.23368 4.42624L4.49754 4.38584L4.61078 4.14411L6 1.17863L7.38922 4.14411L7.50246 4.38584L7.76632 4.42624L10.9639 4.91585L8.63114 7.31115L8.45534 7.49166L8.49583 7.74035L9.0369 11.0633L6.24228 9.51529Z"></path></svg><svg class="ddsweb-rating__icon-active" aria-hidden="true" xmlns="http://www.w3.org/2000/svg" width="12" height="12" viewBox="0 0 12 12" fill="none" data-di-res-id="96322997-e95fd9ff" data-di-rand="1749971260970"><path fill="var(--ddsweb-theme-colors-tesco-blue, #00539f)" stroke="var(--ddsweb-theme-colors-grayscale, #666666)" d="M6.24228 9.51529L6 9.38108L5.75772 9.51529L2.9631 11.0633L3.50417 7.74036L3.54466 7.49166L3.36886 7.31115L1.03607 4.91585L4.23368 4.42624L4.49754 4.38584L4.61078 4.14411L6 1.17863L7.38922 4.14411L7.50246 4.38584L7.76632 4.42624L10.9639 4.91585L8.63114 7.31115L8.45534 7.49166L8.49583 7.74035L9.0369 11.0633L6.24228 9.51529Z"></path></svg><svg class="ddsweb-rating__icon-active" aria-hidden="true" xmlns="http://www.w3.org/2000/svg" width="12" height="12" viewBox="0 0 12 12" fill="none" data-di-res-id="34eb6942-ddcf69da" data-di-rand="1749971260970"><path fill="var(--ddsweb-theme-colors-tesco-blue, #00539f)" stroke="var(--ddsweb-theme-colors-grayscale, #666666)" d="M6.24228 9.51529L6 9.38108L5.75772 9.51529L2.9631 11.0633L3.50417 7.74036L3.54466 7.49166L3.36886 7.31115L1.03607 4.91585L4.23368 4.42624L4.49754 4.38584L4.61078 4.14411L6 1.17863L7.38922 4.14411L7.50246 4.38584L7.76632 4.42624L10.9639 4.91585L8.63114 7.31115L8.45534 7.49166L8.49583 7.74035L9.0369 11.0633L6.24228 9.51529Z"></path></svg><svg class="ddsweb-rating__icon-half-active" aria-hidden="true" xmlns="http://www.w3.org/2000/svg" width="12" height="12" viewBox="0 0 12 12" fill="none" data-di-res-id="96322997-63e526da" data-di-rand="1749971260970"><g clip-path="url(#clip0_1_2)"><path d="M6.24228 9.51529L6 9.38108L5.75772 9.51529L2.9631 11.0633L3.50417 7.74036L3.54466 7.49166L3.36886 7.31115L1.03607 4.91585L4.23368 4.42624L4.49754 4.38584L4.61078 4.14411L6 1.17863L7.38922 4.14411L7.50246 4.38584L7.76632 4.42624L10.9639 4.91585L8.63114 7.31115L8.45534 7.49166L8.49583 7.74036L9.0369 11.0633L6.24228 9.51529Z" fill="var(--ddsweb-theme-colors-tesco-blue, #00539f)"></path><path fill-rule="evenodd" clip-rule="evenodd" d="M6 9.95267V0L7.842 3.932L12 4.56867L8.98933 7.66L9.696 12L6 9.95267Z" fill="var(--ddsweb-theme-colors-white, #ffffff)"></path></g><path stroke="var(--ddsweb-theme-colors-grayscale, #666666)" d="M6.24228 9.51529L6 9.38108L5.75772 9.51529L2.9631 11.0633L3.50417 7.74036L3.54466 7.49166L3.36886 7.31115L1.03607 4.91585L4.23368 4.42624L4.49754 4.38584L4.61078 4.14411L6 1.17863L7.38922 4.14411L7.50246 4.38584L7.76632 4.42624L10.9639 4.91585L8.63114 7.31115L8.45534 7.49166L8.49583 7.74035L9.0369 11.0633L6.24228 9.51529Z"></path><defs><clipPath id="clip0_1_2"><rect width="12" height="12" fill="white"></rect></clipPath></defs></svg><p class="text__StyledText-sc-1jpzi8m-0 kiGrpI ddsweb-text styled__StyledHint-sc-1de15j6-8 MfAbW ddsweb-rating__hint">4.1 (100)</p></div></div><div class="styled__StyledVariationsContainer-sc-t48uy4-13 bDZUAH"></div><div class="styled__StyledDeliveryMessageContainer-sc-t48uy4-7 hhgAvL"></div><div class="styled__StyledDetailsContainer-sc-t48uy4-2 dMquZm" orientation="vertical"><a class="styled__Anchor-sc-1i711qa-0 lfiJmH styled__StyledLink-sc-k2gmo0-0 iktlRk ddsweb-link__anchor" href="/groceries/en-GB/reviews/submission/271529162" data-di-id="di-id-5538334c-fc947893"><span class="styled__Text-sc-1i711qa-1 RIkWH ddsweb-link__text">Write a review</span><span class="styled__IconContainer-sc-1i711qa-2 femlOX ddsweb-link__icon-container"><svg aria-hidden="true" class="styled__SVG-sc-1fqfvah-1 iGyaMX ddsweb-link__icon ddsweb-icon__svg" height="10" preserveAspectRatio="xMinYMax meet" viewBox="-1 0 12 20" width="6" xmlns="http://www.w3.org/2000/svg" color="currentColor" data-di-res-id="96322997-ae3e046c" data-di-rand="1749971260970"><path d="M1.312 1.348L10.276 10l-8.964 8.644" fill="none" stroke="currentColor"></path></svg></span></a><a class="styled__Anchor-sc-1i711qa-0 lfiJmH styled__StyledLink-sc-1ylrywh-0 joIFCQ ddsweb-link__anchor" href="/groceries/en-GB/shop/fresh-food/chilled-fish-and-seafood/breaded-and-battered/chilled-breaded-fish" aria-label="Rest of shelf Chilled Breaded Fish" data-di-id="di-id-f9475092-de36a448"><span class="styled__Text-sc-1i711qa-1 RIkWH ddsweb-link__text">Rest of shelf</span><span class="styled__IconContainer-sc-1i711qa-2 femlOX ddsweb-link__icon-container"><svg aria-hidden="true" class="styled__SVG-sc-1fqfvah-1 iGyaMX ddsweb-link__icon ddsweb-icon__svg" height="10" preserveAspectRatio="xMinYMax meet" viewBox="-1 0 12 20" width="6" xmlns="http://www.w3.org/2000/svg" color="currentColor" data-di-res-id="96322997-cf77202a" data-di-rand="1749971260970"><path d="M1.312 1.348L10.276 10l-8.964 8.644" fill="none" stroke="currentColor"></path></svg></span></a></div><div class="styled__StyledPromotionsContainer-sc-t48uy4-4 iFrZAf"></div><div class="styled__StyledBuyBoxContainer-sc-t48uy4-3 jYiGsR SYzVz" orientation="vertical"><div class="base-components__RootElement-sc-150pv2j-1 styled__Container-sc-159tobh-0 gUUOsR cyGXML gmbSL ddsweb-buybox__container"><div class="base-components__BaseElement-sc-150pv2j-0 styled__PriceAndActions-sc-159tobh-3 iwUsaJ hyWgI ddsweb-buybox__price-and-actions"><div class="styled__StyledPriceContainer-sc-159tobh-5 kpODmQ"><div class="base-components__RootElement-sc-150pv2j-1 styled__Container-sc-v0qv7n-0 gUUOsR dECJWY ddsweb-buybox__price ddsweb-price__container"><p class="text__StyledText-sc-1jpzi8m-0 gyHOWz ddsweb-text styled__PriceText-sc-v0qv7n-1 cXlRF">£3.49</p><p class="text__StyledText-sc-1jpzi8m-0 kiGrpI ddsweb-text styled__Subtext-sc-v0qv7n-2 kLkheV ddsweb-price__subtext">£9.97/kg</p></div></div><div class="base-components__RootElement-sc-150pv2j-1 styled__Container-sc-195yncy-0 gUUOsR fGLoHO ddsweb-buybox__actions ddsweb-quantity-controls__container"><div class="base-components__RootElement-sc-150pv2j-1 styled__Container-sc-1rbigln-0 gUUOsR jjKXIy styled__StyledFormGroup-sc-195yncy-1 ldxiiI ddsweb-quantity-controls__form-group ddsweb-form-group__container"><label class="styled__StyledLabel-sc-1bpek9-0 CsZQe styled__StyledLabel-sc-1rbigln-2 eaqwEU ddsweb-form-group__label ddsweb-label" for="quantity-controls-271529162">Quantity controls, undefined</label><div class="base-components__BaseElement-sc-150pv2j-0 styled__Children-sc-1rbigln-5 iwUsaJ csugvD ddsweb-form-group__children"><div class="styled__StyledQuantityControlWrapper-sc-195yncy-6 lbTVkV"><label id="quantity-controls-271529162-label" class="styled__VisuallyHiddenLabel-sc-195yncy-7 bflMtB">Quantity of Tesco Breaded Chunky Haddock Fillets 350g</label><div class="component__Wrapper-sc-19wd3h0-3 kiZcNf input-wrapper"><input class="base-components__RootElement-sc-150pv2j-1 styled__StyledInput-sc-7h0jvk-0 component__StyledAsInput-sc-19wd3h0-4 gUUOsR hlAFFt styled__StyledInput-sc-195yncy-3 jPiMHf ddsweb-quantity-controls__input ddsweb-input" data-auto="ddsweb-quantity-controls-input" autocomplete="off" id="quantity-controls-271529162" maxlength="2" type="number" aria-labelledby="quantity-controls-271529162-label" value="1" data-di-id="#quantity-controls-271529162"></div></div><button class="styled__StyledTextButton-sc-8hxn3m-0 bjIvKR styled__StyledButton-sc-195yncy-5 jUbPrY ddsweb-quantity-controls__add-button ddsweb-button ddsweb-button--text-button" type="submit" data-auto="ddsweb-quantity-controls-add-button" aria-label="add 1 Tesco Breaded Chunky Haddock Fillets 350g" data-di-id="di-id-21e0a446-df37f31a"><span class="shared-containers__StyledInnerContainer-sc-93ev6e-2 gplLQL ddsweb-button__inner-container">Add</span></button></div></div></div></div></div></div><div class="styled__StyledMessagingContainer-sc-t48uy4-5 jHhxvV" orientation="vertical"><div class="styled__WhiteBackground-sc-xqtzo2-1 jDYWlb"><span class="Logo__StyledLogoWrapper-sc-10f4xmd-0 cGnQEK logo logo--size-sm aldi-price-match"><svg role="img" xmlns="http://www.w3.org/2000/svg" viewBox="0 0 56 56" fill="none" data-di-res-id="96322997-644782c2" data-di-rand="1749971260970"><title>Aldi Price Match</title><path fill="#fff" d="M0 0h56v56H0z"></path><path d="M52 28C52 14.745 41.254 4 28 4 14.745 4 4 14.745 4 28s10.745 24 24 24c13.254 0 24-10.745 24-24Z" fill="#E81C2D"></path><mask id="a" style="mask-type: alpha;" maskUnits="userSpaceOnUse" x="19" y="22" width="33" height="27"><path d="m19.55 36.648 11.937 12.069L52 28.023V22.5l-.663.69-19.782 20-9.193-9.294-2.812 2.752Z" fill="#fff"></path></mask><g mask="url(#a)"><path d="M52 28C52 14.745 41.254 4 28 4 14.745 4 4 14.745 4 28s10.745 24 24 24c13.254 0 24-10.745 24-24Z" fill="#fff"></path></g><path d="m24.06 12.21-.698-2.06-.7 2.06h1.399Zm.36 1.06h-2.116l-.499 1.46H20.6l2.194-6.19h1.137l2.194 6.19h-1.206l-.498-1.46ZM27.57 14.73h-1.085V8.47h1.085v6.26ZM31.242 13.43c.213-.242.319-.57.319-.982 0-.412-.106-.74-.32-.98a1.02 1.02 0 0 0-.799-.364c-.32 0-.587.122-.8.363-.212.242-.319.569-.319.98 0 .414.107.741.32.982.212.242.479.363.8.363.32 0 .586-.121.799-.363Zm-2.068 1.07a2.03 2.03 0 0 1-.712-.841 2.768 2.768 0 0 1-.258-1.211c0-.454.083-.859.249-1.215.166-.357.398-.635.695-.835.297-.2.638-.301 1.023-.301.303 0 .569.054.796.163.227.11.402.264.524.464V8.47h1.085v6.26H31.49v-.55a1.429 1.429 0 0 1-.524.447 1.689 1.689 0 0 1-.787.173c-.367 0-.703-.1-1.006-.3ZM34.585 14.73h-1.084v-4.563h1.084v4.562Zm-1.04-6.163a.673.673 0 0 1 .498-.203.688.688 0 0 1 .7.707.687.687 0 0 1-.7.708.687.687 0 0 1-.7-.707c0-.2.067-.369.201-.505ZM19.543 19.502c.207-.183.31-.455.31-.814 0-.358-.103-.63-.31-.813-.207-.183-.488-.275-.843-.275h-1.298v2.177H18.7c.355 0 .636-.092.843-.275Zm-2.141 4.604H15.96v-7.852h2.85c.519 0 .966.107 1.343.32.378.213.666.505.866.875.2.37.299.783.299 1.24 0 .456-.1.869-.3 1.24-.2.37-.488.66-.865.874-.377.213-.824.32-1.342.32H17.4v2.983ZM21.866 18.318h1.376v.875c.162-.314.391-.553.687-.718.296-.164.625-.246.988-.246.377 0 .673.086.887.258l-.465 1.177a1.26 1.26 0 0 0-.61-.157c-.43 0-.785.187-1.066.561-.281.374-.421.95-.421 1.728v2.31h-1.376v-5.788ZM27.62 24.106h-1.375v-5.788h1.376v5.788Zm-1.32-7.818a.855.855 0 0 1 .633-.258c.25 0 .462.086.632.258.17.172.255.385.255.64a.874.874 0 0 1-.255.639.855.855 0 0 1-.632.258.873.873 0 0 1-.887-.898c0-.254.084-.467.254-.639ZM29.758 23.814a2.664 2.664 0 0 1-1.02-1.06c-.244-.452-.366-.966-.366-1.542 0-.576.122-1.09.366-1.542a2.669 2.669 0 0 1 1.02-1.06c.437-.254.936-.381 1.498-.381 1.272 0 2.134.527 2.585 1.581l-1.254.573c-.288-.584-.732-.876-1.33-.876-.43 0-.785.157-1.066.471-.28.315-.421.726-.421 1.234 0 .509.14.92.421 1.234.281.314.636.471 1.065.471.6 0 1.043-.291 1.331-.875l1.254.572c-.45 1.055-1.313 1.582-2.585 1.582-.562 0-1.061-.127-1.498-.382ZM38.286 20.561a1.284 1.284 0 0 0-.449-.807c-.248-.21-.56-.314-.938-.314-.318 0-.603.1-.854.297-.252.199-.425.473-.521.825h2.762Zm1.409 1.1h-4.227c.074.426.248.75.522.97.273.22.606.331.998.331.325 0 .598-.07.816-.208.218-.138.427-.349.627-.633l1.164.64a2.968 2.968 0 0 1-1.07 1.065c-.433.246-.971.37-1.614.37-.607 0-1.127-.144-1.559-.432a2.701 2.701 0 0 1-.971-1.116 3.332 3.332 0 0 1-.322-1.436c0-.5.113-.98.339-1.435.225-.456.553-.829.981-1.117.43-.287.936-.431 1.52-.431.592 0 1.099.134 1.52.403.422.27.74.623.954 1.06.215.438.322.903.322 1.397v.572ZM16.304 25.693h1.33l1.482 3.92 1.482-3.92h1.33v6.278h-1.153v-3.82l-1.224 3.246h-.87l-1.223-3.246v3.82h-1.154v-6.278ZM25.178 30.823a.85.85 0 0 0 .306-.663v-.126h-.869c-.254 0-.457.05-.608.148a.463.463 0 0 0-.226.408c0 .162.055.286.165.372.109.087.27.13.482.13.296 0 .546-.09.75-.269Zm-1.77 1.059a1.273 1.273 0 0 1-.78-1.211c0-.455.169-.82.506-1.099.337-.278.792-.417 1.366-.417h.984v-.161a.71.71 0 0 0-.24-.561c-.159-.14-.375-.21-.646-.21-.22 0-.418.058-.595.175a1.21 1.21 0 0 0-.399.407l-.843-.51a1.96 1.96 0 0 1 .71-.732c.313-.194.689-.29 1.127-.29.626 0 1.114.151 1.463.456.349.305.523.745.523 1.319v2.923h-.904l-.151-.592a1.617 1.617 0 0 1-.564.485c-.227.12-.495.179-.802.179-.267 0-.518-.054-.754-.161ZM27.555 30.41v-2.116h-.692v-.95h.692v-.772l1.1-.7v1.471h1.18v.951h-1.18v2.063c0 .442.175.663.523.663.16 0 .314-.062.461-.188l.497.852a1.494 1.494 0 0 1-.505.274c-.183.056-.37.085-.56.085-1.01 0-1.516-.544-1.516-1.632ZM31.223 31.738a2.128 2.128 0 0 1-.816-.848 2.552 2.552 0 0 1-.293-1.233c0-.46.097-.871.293-1.233.195-.361.466-.644.816-.847.349-.203.747-.305 1.197-.305 1.017 0 1.706.421 2.067 1.265l-1.003.457c-.23-.467-.585-.7-1.064-.7-.343 0-.627.126-.851.377-.225.251-.337.58-.337.986 0 .407.112.736.337.987.224.251.508.376.851.376.48 0 .834-.233 1.064-.699l1.003.458c-.36.843-1.05 1.264-2.067 1.264-.45 0-.848-.101-1.197-.305ZM35.013 25.622h1.1v2.448a1.655 1.655 0 0 1 1.437-.798c.484 0 .865.145 1.143.435.278.29.417.695.417 1.215v3.05h-1.1v-2.826c0-.275-.07-.485-.208-.632-.14-.147-.338-.22-.599-.22-.301 0-.558.136-.772.408-.213.272-.319.69-.319 1.251v2.018h-1.1v-6.35Z" fill="#fff"></path></svg></span><div data-testid="styled-info-message" class="base-components__BaseElement-sc-150pv2j-0 styled__StyledMessage-sc-1eaukok-0 iwUsaJ iAZKsl styled__InfoMessageWrapper-sc-xqtzo2-0 GfvES">Aldi Price Match</div></div></div></div></div></li><li data-testid="268093052" class="WL_DZ" data-auto-available="true"><div class="_ecrj"><div class="styled__StyledVerticalTile-sc-1r1v9f3-1 LihIl"><div class="woiNV"></div><div class="styled__StyledImageContainer-sc-t48uy4-0 bixZuE KZ_O1"><a class="styled__ImageContainer-sc-1fweb41-0 irjUEM" href="/groceries/en-GB/products/268093052" aria-hidden="true" tabindex="-1" data-testid="imageContainer_268093052" data-di-id="di-id-745e762e-4438b177"><img alt="" aria-label="" orientation="vertical" src="https://digitalcontent.api.tesco.com/v2/media/ghs/ac4132e8-1fa4-4ac2-b053-5cd37227dded/5e3759b6-6c74-4ff4-956b-94ca0dac6a6c.jpeg?h=225&amp;w=225" loading="lazy" data-testid="imageElement_268093052" class="styled__StyledImage-sc-1fweb41-1 hCXoFX"></a></div><div class="styled__StyledTitleContainer-sc-t48uy4-1 hmpPZn"><h2 class="component__StyledHeading-sc-1t0ixqu-0 iDJPjF ddsweb-heading styled-sc-mz7xly-0 kXoSwE styled__StyledTitle-sc-1a6zg7t-0 etoGWB b_hC4 ddsweb-title-link__container"><a class="styled__Anchor-sc-1i711qa-0 gRXcDF ddsweb-title-link__link ddsweb-link__anchor" href="/groceries/en-GB/products/268093052" aria-label="Tesco Fish Pie Mix 400G" data-di-id="di-id-799bdb7e-32ee9bca"><span class="styled__Text-sc-1i711qa-1 bsLJsh ddsweb-link__text">Tesco Fish Pie Mix 400G</span></a></h2></div><div class="zWmtM"><div class="styled__StyledNonInteractiveContainer-sc-1de15j6-7 klymXO ddsweb-rating__container" data-testid="star-rating" aria-label="Average customer rating 2.9 out of 5 stars"><svg class="ddsweb-rating__icon-active" aria-hidden="true" xmlns="http://www.w3.org/2000/svg" width="12" height="12" viewBox="0 0 12 12" fill="none" data-di-res-id="96322997-30ddddd8" data-di-rand="1749971260970"><path fill="var(--ddsweb-theme-colors-tesco-blue, #00539f)" stroke="var(--ddsweb-theme-colors-grayscale, #666666)" d="M6.24228 9.51529L6 9.38108L5.75772 9.51529L2.9631 11.0633L3.50417 7.74036L3.54466 7.49166L3.36886 7.31115L1.03607 4.91585L4.23368 4.42624L4.49754 4.38584L4.61078 4.14411L6 1.17863L7.38922 4.14411L7.50246 4.38584L7.76632 4.42624L10.9639 4.91585L8.63114 7.31115L8.45534 7.49166L8.49583 7.74035L9.0369 11.0633L6.24228 9.51529Z"></path></svg><svg class="ddsweb-rating__icon-active" aria-hidden="true" xmlns="http://www.w3.org/2000/svg" width="12" height="12" viewBox="0 0 12 12" fill="none" data-di-res-id="96322997-e7b62cd" data-di-rand="1749971260970"><path fill="var(--ddsweb-theme-colors-tesco-blue, #00539f)" stroke="var(--ddsweb-theme-colors-grayscale, #666666)" d="M6.24228 9.51529L6 9.38108L5.75772 9.51529L2.9631 11.0633L3.50417 7.74036L3.54466 7.49166L3.36886 7.31115L1.03607 4.91585L4.23368 4.42624L4.49754 4.38584L4.61078 4.14411L6 1.17863L7.38922 4.14411L7.50246 4.38584L7.76632 4.42624L10.9639 4.91585L8.63114 7.31115L8.45534 7.49166L8.49583 7.74035L9.0369 11.0633L6.24228 9.51529Z"></path></svg><svg class="ddsweb-rating__icon-half-active" aria-hidden="true" xmlns="http://www.w3.org/2000/svg" width="12" height="12" viewBox="0 0 12 12" fill="none" data-di-res-id="9a26ebef-7d966f17" data-di-rand="1749971260970"><g clip-path="url(#clip0_1_2)"><path d="M6.24228 9.51529L6 9.38108L5.75772 9.51529L2.9631 11.0633L3.50417 7.74036L3.54466 7.49166L3.36886 7.31115L1.03607 4.91585L4.23368 4.42624L4.49754 4.38584L4.61078 4.14411L6 1.17863L7.38922 4.14411L7.50246 4.38584L7.76632 4.42624L10.9639 4.91585L8.63114 7.31115L8.45534 7.49166L8.49583 7.74036L9.0369 11.0633L6.24228 9.51529Z" fill="var(--ddsweb-theme-colors-tesco-blue, #00539f)"></path><path fill-rule="evenodd" clip-rule="evenodd" d="M6 9.95267V0L7.842 3.932L12 4.56867L8.98933 7.66L9.696 12L6 9.95267Z" fill="var(--ddsweb-theme-colors-white, #ffffff)"></path></g><path stroke="var(--ddsweb-theme-colors-grayscale, #666666)" d="M6.24228 9.51529L6 9.38108L5.75772 9.51529L2.9631 11.0633L3.50417 7.74036L3.54466 7.49166L3.36886 7.31115L1.03607 4.91585L4.23368 4.42624L4.49754 4.38584L4.61078 4.14411L6 1.17863L7.38922 4.14411L7.50246 4.38584L7.76632 4.42624L10.9639 4.91585L8.63114 7.31115L8.45534 7.49166L8.49583 7.74035L9.0369 11.0633L6.24228 9.51529Z"></path><defs><clipPath id="clip0_1_2"><rect width="12" height="12" fill="white"></rect></clipPath></defs></svg><svg class="ddsweb-rating__icon-inactive" aria-hidden="true" xmlns="http://www.w3.org/2000/svg" width="12" height="12" viewBox="0 0 12 12" fill="none" data-di-res-id="96322997-eddf0180" data-di-rand="1749971260970"><path fill="var(--ddsweb-theme-colors-white, #ffffff)" stroke="var(--ddsweb-theme-colors-grayscale, #666666)" d="M6.24228 9.51529L6 9.38108L5.75772 9.51529L2.9631 11.0633L3.50417 7.74036L3.54466 7.49166L3.36886 7.31115L1.03607 4.91585L4.23368 4.42624L4.49754 4.38584L4.61078 4.14411L6 1.17863L7.38922 4.14411L7.50246 4.38584L7.76632 4.42624L10.9639 4.91585L8.63114 7.31115L8.45534 7.49166L8.49583 7.74035L9.0369 11.0633L6.24228 9.51529Z"></path></svg><svg class="ddsweb-rating__icon-inactive" aria-hidden="true" xmlns="http://www.w3.org/2000/svg" width="12" height="12" viewBox="0 0 12 12" fill="none" data-di-res-id="96322997-ab5c548a" data-di-rand="1749971260970"><path fill="var(--ddsweb-theme-colors-white, #ffffff)" stroke="var(--ddsweb-theme-colors-grayscale, #666666)" d="M6.24228 9.51529L6 9.38108L5.75772 9.51529L2.9631 11.0633L3.50417 7.74036L3.54466 7.49166L3.36886 7.31115L1.03607 4.91585L4.23368 4.42624L4.49754 4.38584L4.61078 4.14411L6 1.17863L7.38922 4.14411L7.50246 4.38584L7.76632 4.42624L10.9639 4.91585L8.63114 7.31115L8.45534 7.49166L8.49583 7.74035L9.0369 11.0633L6.24228 9.51529Z"></path></svg><p class="text__StyledText-sc-1jpzi8m-0 kiGrpI ddsweb-text styled__StyledHint-sc-1de15j6-8 MfAbW ddsweb-rating__hint">2.9 (44)</p></div></div><div class="styled__StyledVariationsContainer-sc-t48uy4-13 bDZUAH"></div><div class="styled__StyledDeliveryMessageContainer-sc-t48uy4-7 hhgAvL"></div><div class="styled__StyledDetailsContainer-sc-t48uy4-2 dMquZm" orientation="vertical"><a class="styled__Anchor-sc-1i711qa-0 lfiJmH styled__StyledLink-sc-k2gmo0-0 iktlRk ddsweb-link__anchor" href="/groceries/en-GB/reviews/submission/268093052" data-di-id="di-id-5538334c-7b5c5a50"><span class="styled__Text-sc-1i711qa-1 RIkWH ddsweb-link__text">Write a review</span><span class="styled__IconContainer-sc-1i711qa-2 femlOX ddsweb-link__icon-container"><svg aria-hidden="true" class="styled__SVG-sc-1fqfvah-1 iGyaMX ddsweb-link__icon ddsweb-icon__svg" height="10" preserveAspectRatio="xMinYMax meet" viewBox="-1 0 12 20" width="6" xmlns="http://www.w3.org/2000/svg" color="currentColor" data-di-res-id="96322997-778d9747" data-di-rand="1749971260970"><path d="M1.312 1.348L10.276 10l-8.964 8.644" fill="none" stroke="currentColor"></path></svg></span></a><a class="styled__Anchor-sc-1i711qa-0 lfiJmH styled__StyledLink-sc-1ylrywh-0 joIFCQ ddsweb-link__anchor" href="/groceries/en-GB/shop/frozen-food/fish-and-seafood/fish-fillets/frozen-cod-and-white-fish" aria-label="Rest of shelf Frozen Cod &amp; White Fish" data-di-id="di-id-b3d95c51-8e99773f"><span class="styled__Text-sc-1i711qa-1 RIkWH ddsweb-link__text">Rest of shelf</span><span class="styled__IconContainer-sc-1i711qa-2 femlOX ddsweb-link__icon-container"><svg aria-hidden="true" class="styled__SVG-sc-1fqfvah-1 iGyaMX ddsweb-link__icon ddsweb-icon__svg" height="10" preserveAspectRatio="xMinYMax meet" viewBox="-1 0 12 20" width="6" xmlns="http://www.w3.org/2000/svg" color="currentColor" data-di-res-id="96322997-fab0fc86" data-di-rand="1749971260970"><path d="M1.312 1.348L10.276 10l-8.964 8.644" fill="none" stroke="currentColor"></path></svg></span></a></div><div class="styled__StyledPromotionsContainer-sc-t48uy4-4 iFrZAf"></div><div class="styled__StyledBuyBoxContainer-sc-t48uy4-3 jYiGsR SYzVz" orientation="vertical"><div class="base-components__RootElement-sc-150pv2j-1 styled__Container-sc-159tobh-0 gUUOsR cyGXML gmbSL ddsweb-buybox__container"><div class="base-components__BaseElement-sc-150pv2j-0 styled__PriceAndActions-sc-159tobh-3 iwUsaJ hyWgI ddsweb-buybox__price-and-actions"><div class="styled__StyledPriceContainer-sc-159tobh-5 kpODmQ"><div class="base-components__RootElement-sc-150pv2j-1 styled__Container-sc-v0qv7n-0 gUUOsR dECJWY ddsweb-buybox__price ddsweb-price__container"><p class="text__StyledText-sc-1jpzi8m-0 gyHOWz ddsweb-text styled__PriceText-sc-v0qv7n-1 cXlRF">£5.60</p><p class="text__StyledText-sc-1jpzi8m-0 kiGrpI ddsweb-text styled__Subtext-sc-v0qv7n-2 kLkheV ddsweb-price__subtext">£14.00/kg</p></div></div><div class="base-components__RootElement-sc-150pv2j-1 styled__Container-sc-195yncy-0 gUUOsR fGLoHO ddsweb-buybox__actions ddsweb-quantity-controls__container"><div class="base-components__RootElement-sc-150pv2j-1 styled__Container-sc-1rbigln-0 gUUOsR jjKXIy styled__StyledFormGroup-sc-195yncy-1 ldxiiI ddsweb-quantity-controls__form-group ddsweb-form-group__container"><label class="styled__StyledLabel-sc-1bpek9-0 CsZQe styled__StyledLabel-sc-1rbigln-2 eaqwEU ddsweb-form-group__label ddsweb-label" for="quantity-controls-268093052">Quantity controls, undefined</label><div class="base-components__BaseElement-sc-150pv2j-0 styled__Children-sc-1rbigln-5 iwUsaJ csugvD ddsweb-form-group__children"><div class="styled__StyledQuantityControlWrapper-sc-195yncy-6 lbTVkV"><label id="quantity-controls-268093052-label" class="styled__VisuallyHiddenLabel-sc-195yncy-7 bflMtB">Quantity of Tesco Fish Pie Mix 400G</label><div class="component__Wrapper-sc-19wd3h0-3 kiZcNf input-wrapper"><input class="base-components__RootElement-sc-150pv2j-1 styled__StyledInput-sc-7h0jvk-0 component__StyledAsInput-sc-19wd3h0-4 gUUOsR hlAFFt styled__StyledInput-sc-195yncy-3 jPiMHf ddsweb-quantity-controls__input ddsweb-input" data-auto="ddsweb-quantity-controls-input" autocomplete="off" id="quantity-controls-268093052" maxlength="2" type="number" aria-labelledby="quantity-controls-268093052-label" value="1" data-di-id="#quantity-controls-268093052"></div></div><button class="styled__StyledTextButton-sc-8hxn3m-0 bjIvKR styled__StyledButton-sc-195yncy-5 jUbPrY ddsweb-quantity-controls__add-button ddsweb-button ddsweb-button--text-button" type="submit" data-auto="ddsweb-quantity-controls-add-button" aria-label="add 1 Tesco Fish Pie Mix 400G" data-di-id="di-id-21e0a446-a830c38c"><span class="shared-containers__StyledInnerContainer-sc-93ev6e-2 gplLQL ddsweb-button__inner-container">Add</span></button></div></div></div></div></div></div><div class="styled__StyledMessagingContainer-sc-t48uy4-5 jHhxvV" orientation="vertical"></div></div></div></li><li data-testid="307747205" class="WL_DZ" data-auto-available="true"><div class="_ecrj"><div class="styled__StyledVerticalTile-sc-1r1v9f3-1 LihIl"><div class="woiNV"></div><div class="styled__StyledImageContainer-sc-t48uy4-0 bixZuE KZ_O1"><a class="styled__ImageContainer-sc-1fweb41-0 irjUEM" href="/groceries/en-GB/products/307747205" aria-hidden="true" tabindex="-1" data-testid="imageContainer_307747205" data-di-id="di-id-745e762e-efc34e39"><img alt="" aria-label="" orientation="vertical" src="https://digitalcontent.api.tesco.com/v2/media/ghs/6d310ad6-13cf-485f-90ce-d1812aefbcc1/19e9d877-2f8a-4db8-8b57-be1d84be3c6b.jpeg?h=225&amp;w=225" loading="lazy" data-testid="imageElement_307747205" class="styled__StyledImage-sc-1fweb41-1 hCXoFX"></a></div><div class="styled__StyledTitleContainer-sc-t48uy4-1 hmpPZn"><h2 class="component__StyledHeading-sc-1t0ixqu-0 iDJPjF ddsweb-heading styled-sc-mz7xly-0 kXoSwE styled__StyledTitle-sc-1a6zg7t-0 etoGWB b_hC4 ddsweb-title-link__container"><a class="styled__Anchor-sc-1i711qa-0 gRXcDF ddsweb-title-link__link ddsweb-link__anchor" href="/groceries/en-GB/products/307747205" aria-label="Tesco Haddock Fillets 360G" data-di-id="di-id-799bdb7e-99156484"><span class="styled__Text-sc-1i711qa-1 bsLJsh ddsweb-link__text">Tesco Haddock Fillets 360G</span></a></h2></div><div class="zWmtM"><div class="styled__StyledNonInteractiveContainer-sc-1de15j6-7 klymXO ddsweb-rating__container" data-testid="star-rating" aria-label="Average customer rating 4.1 out of 5 stars"><svg class="ddsweb-rating__icon-active" aria-hidden="true" xmlns="http://www.w3.org/2000/svg" width="12" height="12" viewBox="0 0 12 12" fill="none" data-di-res-id="96322997-b397f8aa" data-di-rand="1749971260970"><path fill="var(--ddsweb-theme-colors-tesco-blue, #00539f)" stroke="var(--ddsweb-theme-colors-grayscale, #666666)" d="M6.24228 9.51529L6 9.38108L5.75772 9.51529L2.9631 11.0633L3.50417 7.74036L3.54466 7.49166L3.36886 7.31115L1.03607 4.91585L4.23368 4.42624L4.49754 4.38584L4.61078 4.14411L6 1.17863L7.38922 4.14411L7.50246 4.38584L7.76632 4.42624L10.9639 4.91585L8.63114 7.31115L8.45534 7.49166L8.49583 7.74035L9.0369 11.0633L6.24228 9.51529Z"></path></svg><svg class="ddsweb-rating__icon-active" aria-hidden="true" xmlns="http://www.w3.org/2000/svg" width="12" height="12" viewBox="0 0 12 12" fill="none" data-di-res-id="96322997-ebe04790" data-di-rand="1749971260970"><path fill="var(--ddsweb-theme-colors-tesco-blue, #00539f)" stroke="var(--ddsweb-theme-colors-grayscale, #666666)" d="M6.24228 9.51529L6 9.38108L5.75772 9.51529L2.9631 11.0633L3.50417 7.74036L3.54466 7.49166L3.36886 7.31115L1.03607 4.91585L4.23368 4.42624L4.49754 4.38584L4.61078 4.14411L6 1.17863L7.38922 4.14411L7.50246 4.38584L7.76632 4.42624L10.9639 4.91585L8.63114 7.31115L8.45534 7.49166L8.49583 7.74035L9.0369 11.0633L6.24228 9.51529Z"></path></svg><svg class="ddsweb-rating__icon-active" aria-hidden="true" xmlns="http://www.w3.org/2000/svg" width="12" height="12" viewBox="0 0 12 12" fill="none" data-di-res-id="96322997-f2bd648e" data-di-rand="1749971260970"><path fill="var(--ddsweb-theme-colors-tesco-blue, #00539f)" stroke="var(--ddsweb-theme-colors-grayscale, #666666)" d="M6.24228 9.51529L6 9.38108L5.75772 9.51529L2.9631 11.0633L3.50417 7.74036L3.54466 7.49166L3.36886 7.31115L1.03607 4.91585L4.23368 4.42624L4.49754 4.38584L4.61078 4.14411L6 1.17863L7.38922 4.14411L7.50246 4.38584L7.76632 4.42624L10.9639 4.91585L8.63114 7.31115L8.45534 7.49166L8.49583 7.74035L9.0369 11.0633L6.24228 9.51529Z"></path></svg><svg class="ddsweb-rating__icon-active" aria-hidden="true" xmlns="http://www.w3.org/2000/svg" width="12" height="12" viewBox="0 0 12 12" fill="none" data-di-res-id="96322997-7d34e3d5" data-di-rand="1749971260970"><path fill="var(--ddsweb-theme-colors-tesco-blue, #00539f)" stroke="var(--ddsweb-theme-colors-grayscale, #666666)" d="M6.24228 9.51529L6 9.38108L5.75772 9.51529L2.9631 11.0633L3.50417 7.74036L3.54466 7.49166L3.36886 7.31115L1.03607 4.91585L4.23368 4.42624L4.49754 4.38584L4.61078 4.14411L6 1.17863L7.38922 4.14411L7.50246 4.38584L7.76632 4.42624L10.9639 4.91585L8.63114 7.31115L8.45534 7.49166L8.49583 7.74035L9.0369 11.0633L6.24228 9.51529Z"></path></svg><svg class="ddsweb-rating__icon-half-active" aria-hidden="true" xmlns="http://www.w3.org/2000/svg" width="12" height="12" viewBox="0 0 12 12" fill="none" data-di-res-id="96322997-f052ed28" data-di-rand="1749971260970"><g clip-path="url(#clip0_1_2)"><path d="M6.24228 9.51529L6 9.38108L5.75772 9.51529L2.9631 11.0633L3.50417 7.74036L3.54466 7.49166L3.36886 7.31115L1.03607 4.91585L4.23368 4.42624L4.49754 4.38584L4.61078 4.14411L6 1.17863L7.38922 4.14411L7.50246 4.38584L7.76632 4.42624L10.9639 4.91585L8.63114 7.31115L8.45534 7.49166L8.49583 7.74036L9.0369 11.0633L6.24228 9.51529Z" fill="var(--ddsweb-theme-colors-tesco-blue, #00539f)"></path><path fill-rule="evenodd" clip-rule="evenodd" d="M6 9.95267V0L7.842 3.932L12 4.56867L8.98933 7.66L9.696 12L6 9.95267Z" fill="var(--ddsweb-theme-colors-white, #ffffff)"></path></g><path stroke="var(--ddsweb-theme-colors-grayscale, #666666)" d="M6.24228 9.51529L6 9.38108L5.75772 9.51529L2.9631 11.0633L3.50417 7.74036L3.54466 7.49166L3.36886 7.31115L1.03607 4.91585L4.23368 4.42624L4.49754 4.38584L4.61078 4.14411L6 1.17863L7.38922 4.14411L7.50246 4.38584L7.76632 4.42624L10.9639 4.91585L8.63114 7.31115L8.45534 7.49166L8.49583 7.74035L9.0369 11.0633L6.24228 9.51529Z"></path><defs><clipPath id="clip0_1_2"><rect width="12" height="12" fill="white"></rect></clipPath></defs></svg><p class="text__StyledText-sc-1jpzi8m-0 kiGrpI ddsweb-text styled__StyledHint-sc-1de15j6-8 MfAbW ddsweb-rating__hint">4.1 (48)</p></div></div><div class="styled__StyledVariationsContainer-sc-t48uy4-13 bDZUAH"></div><div class="styled__StyledDeliveryMessageContainer-sc-t48uy4-7 hhgAvL"></div><div class="styled__StyledDetailsContainer-sc-t48uy4-2 dMquZm" orientation="vertical"><a class="styled__Anchor-sc-1i711qa-0 lfiJmH styled__StyledLink-sc-k2gmo0-0 iktlRk ddsweb-link__anchor" href="/groceries/en-GB/reviews/submission/307747205" data-di-id="di-id-5538334c-d0a7a51e"><span class="styled__Text-sc-1i711qa-1 RIkWH ddsweb-link__text">Write a review</span><span class="styled__IconContainer-sc-1i711qa-2 femlOX ddsweb-link__icon-container"><svg aria-hidden="true" class="styled__SVG-sc-1fqfvah-1 iGyaMX ddsweb-link__icon ddsweb-icon__svg" height="10" preserveAspectRatio="xMinYMax meet" viewBox="-1 0 12 20" width="6" xmlns="http://www.w3.org/2000/svg" color="currentColor" data-di-res-id="34eb6942-c6103eff" data-di-rand="1749971260970"><path d="M1.312 1.348L10.276 10l-8.964 8.644" fill="none" stroke="currentColor"></path></svg></span></a><a class="styled__Anchor-sc-1i711qa-0 lfiJmH styled__StyledLink-sc-1ylrywh-0 joIFCQ ddsweb-link__anchor" href="/groceries/en-GB/shop/frozen-food/fish-and-seafood/fish-fillets/frozen-cod-and-white-fish" aria-label="Rest of shelf Frozen Cod &amp; White Fish" data-di-id="di-id-b3d95c51-10fde29c"><span class="styled__Text-sc-1i711qa-1 RIkWH ddsweb-link__text">Rest of shelf</span><span class="styled__IconContainer-sc-1i711qa-2 femlOX ddsweb-link__icon-container"><svg aria-hidden="true" class="styled__SVG-sc-1fqfvah-1 iGyaMX ddsweb-link__icon ddsweb-icon__svg" height="10" preserveAspectRatio="xMinYMax meet" viewBox="-1 0 12 20" width="6" xmlns="http://www.w3.org/2000/svg" color="currentColor" data-di-res-id="2e8e4ef2-903911ab" data-di-rand="1749971260971"><path d="M1.312 1.348L10.276 10l-8.964 8.644" fill="none" stroke="currentColor"></path></svg></span></a></div><div class="styled__StyledPromotionsContainer-sc-t48uy4-4 iFrZAf"></div><div class="styled__StyledBuyBoxContainer-sc-t48uy4-3 jYiGsR SYzVz" orientation="vertical"><div class="base-components__RootElement-sc-150pv2j-1 styled__Container-sc-159tobh-0 gUUOsR cyGXML gmbSL ddsweb-buybox__container"><div class="base-components__BaseElement-sc-150pv2j-0 styled__PriceAndActions-sc-159tobh-3 iwUsaJ hyWgI ddsweb-buybox__price-and-actions"><div class="styled__StyledPriceContainer-sc-159tobh-5 kpODmQ"><div class="base-components__RootElement-sc-150pv2j-1 styled__Container-sc-v0qv7n-0 gUUOsR dECJWY ddsweb-buybox__price ddsweb-price__container"><p class="text__StyledText-sc-1jpzi8m-0 gyHOWz ddsweb-text styled__PriceText-sc-v0qv7n-1 cXlRF">£5.00</p><p class="text__StyledText-sc-1jpzi8m-0 kiGrpI ddsweb-text styled__Subtext-sc-v0qv7n-2 kLkheV ddsweb-price__subtext">£13.89/kg</p></div></div><div class="base-components__RootElement-sc-150pv2j-1 styled__Container-sc-195yncy-0 gUUOsR fGLoHO ddsweb-buybox__actions ddsweb-quantity-controls__container"><div class="base-components__RootElement-sc-150pv2j-1 styled__Container-sc-1rbigln-0 gUUOsR jjKXIy styled__StyledFormGroup-sc-195yncy-1 ldxiiI ddsweb-quantity-controls__form-group ddsweb-form-group__container"><label class="styled__StyledLabel-sc-1bpek9-0 CsZQe styled__StyledLabel-sc-1rbigln-2 eaqwEU ddsweb-form-group__label ddsweb-label" for="quantity-controls-307747205">Quantity controls, undefined</label><div class="base-components__BaseElement-sc-150pv2j-0 styled__Children-sc-1rbigln-5 iwUsaJ csugvD ddsweb-form-group__children"><div class="styled__StyledQuantityControlWrapper-sc-195yncy-6 lbTVkV"><label id="quantity-controls-307747205-label" class="styled__VisuallyHiddenLabel-sc-195yncy-7 bflMtB">Quantity of Tesco Haddock Fillets 360G</label><div class="component__Wrapper-sc-19wd3h0-3 kiZcNf input-wrapper"><input class="base-components__RootElement-sc-150pv2j-1 styled__StyledInput-sc-7h0jvk-0 component__StyledAsInput-sc-19wd3h0-4 gUUOsR hlAFFt styled__StyledInput-sc-195yncy-3 jPiMHf ddsweb-quantity-controls__input ddsweb-input" data-auto="ddsweb-quantity-controls-input" autocomplete="off" id="quantity-controls-307747205" maxlength="2" type="number" aria-labelledby="quantity-controls-307747205-label" value="1" data-di-id="#quantity-controls-307747205"></div></div><button class="styled__StyledTextButton-sc-8hxn3m-0 bjIvKR styled__StyledButton-sc-195yncy-5 jUbPrY ddsweb-quantity-controls__add-button ddsweb-button ddsweb-button--text-button" type="submit" data-auto="ddsweb-quantity-controls-add-button" aria-label="add 1 Tesco Haddock Fillets 360G" data-di-id="di-id-21e0a446-3654562f"><span class="shared-containers__StyledInnerContainer-sc-93ev6e-2 gplLQL ddsweb-button__inner-container">Add</span></button></div></div></div></div></div></div><div class="styled__StyledMessagingContainer-sc-t48uy4-5 jHhxvV" orientation="vertical"></div></div></div></li><li data-testid="304377492" class="WL_DZ" data-auto-available="true"><div class="_ecrj"><div class="styled__StyledVerticalTile-sc-1r1v9f3-1 LihIl"><div class="woiNV"></div><div class="styled__StyledImageContainer-sc-t48uy4-0 bixZuE KZ_O1"><a class="styled__ImageContainer-sc-1fweb41-0 irjUEM" href="/groceries/en-GB/products/304377492" aria-hidden="true" tabindex="-1" data-testid="imageContainer_304377492" data-di-id="di-id-745e762e-94ebca34"><img alt="" aria-label="" orientation="vertical" src="https://digitalcontent.api.tesco.com/v2/media/ghs/08167266-9bdc-4cb8-8f99-d4ba8ac77197/a8874429-a068-4f5f-9df2-c5cd7bf9d75f.jpeg?h=225&amp;w=225" loading="lazy" data-testid="imageElement_304377492" class="styled__StyledImage-sc-1fweb41-1 hCXoFX"></a></div><div class="styled__StyledTitleContainer-sc-t48uy4-1 hmpPZn"><h2 class="component__StyledHeading-sc-1t0ixqu-0 iDJPjF ddsweb-heading styled-sc-mz7xly-0 kXoSwE styled__StyledTitle-sc-1a6zg7t-0 etoGWB b_hC4 ddsweb-title-link__container"><a class="styled__Anchor-sc-1i711qa-0 gRXcDF ddsweb-title-link__link ddsweb-link__anchor" href="/groceries/en-GB/products/304377492" aria-label="Tesco Fish Pie Mix 340G" data-di-id="di-id-799bdb7e-e23de089"><span class="styled__Text-sc-1i711qa-1 bsLJsh ddsweb-link__text">Tesco Fish Pie Mix 340G</span></a></h2></div><div class="zWmtM"><div class="styled__StyledNonInteractiveContainer-sc-1de15j6-7 klymXO ddsweb-rating__container" data-testid="star-rating" aria-label="Average customer rating 3.8 out of 5 stars"><svg class="ddsweb-rating__icon-active" aria-hidden="true" xmlns="http://www.w3.org/2000/svg" width="12" height="12" viewBox="0 0 12 12" fill="none" data-di-res-id="2e8e4ef2-76f11eee" data-di-rand="1749971260971"><path fill="var(--ddsweb-theme-colors-tesco-blue, #00539f)" stroke="var(--ddsweb-theme-colors-grayscale, #666666)" d="M6.24228 9.51529L6 9.38108L5.75772 9.51529L2.9631 11.0633L3.50417 7.74036L3.54466 7.49166L3.36886 7.31115L1.03607 4.91585L4.23368 4.42624L4.49754 4.38584L4.61078 4.14411L6 1.17863L7.38922 4.14411L7.50246 4.38584L7.76632 4.42624L10.9639 4.91585L8.63114 7.31115L8.45534 7.49166L8.49583 7.74035L9.0369 11.0633L6.24228 9.51529Z"></path></svg><svg class="ddsweb-rating__icon-active" aria-hidden="true" xmlns="http://www.w3.org/2000/svg" width="12" height="12" viewBox="0 0 12 12" fill="none" data-di-res-id="2e8e4ef2-e13217e2" data-di-rand="1749971260971"><path fill="var(--ddsweb-theme-colors-tesco-blue, #00539f)" stroke="var(--ddsweb-theme-colors-grayscale, #666666)" d="M6.24228 9.51529L6 9.38108L5.75772 9.51529L2.9631 11.0633L3.50417 7.74036L3.54466 7.49166L3.36886 7.31115L1.03607 4.91585L4.23368 4.42624L4.49754 4.38584L4.61078 4.14411L6 1.17863L7.38922 4.14411L7.50246 4.38584L7.76632 4.42624L10.9639 4.91585L8.63114 7.31115L8.45534 7.49166L8.49583 7.74035L9.0369 11.0633L6.24228 9.51529Z"></path></svg><svg class="ddsweb-rating__icon-active" aria-hidden="true" xmlns="http://www.w3.org/2000/svg" width="12" height="12" viewBox="0 0 12 12" fill="none" data-di-res-id="2e8e4ef2-27369dc" data-di-rand="1749971260971"><path fill="var(--ddsweb-theme-colors-tesco-blue, #00539f)" stroke="var(--ddsweb-theme-colors-grayscale, #666666)" d="M6.24228 9.51529L6 9.38108L5.75772 9.51529L2.9631 11.0633L3.50417 7.74036L3.54466 7.49166L3.36886 7.31115L1.03607 4.91585L4.23368 4.42624L4.49754 4.38584L4.61078 4.14411L6 1.17863L7.38922 4.14411L7.50246 4.38584L7.76632 4.42624L10.9639 4.91585L8.63114 7.31115L8.45534 7.49166L8.49583 7.74035L9.0369 11.0633L6.24228 9.51529Z"></path></svg><svg class="ddsweb-rating__icon-half-active" aria-hidden="true" xmlns="http://www.w3.org/2000/svg" width="12" height="12" viewBox="0 0 12 12" fill="none" data-di-res-id="2e8e4ef2-f969e4ba" data-di-rand="1749971260971"><g clip-path="url(#clip0_1_2)"><path d="M6.24228 9.51529L6 9.38108L5.75772 9.51529L2.9631 11.0633L3.50417 7.74036L3.54466 7.49166L3.36886 7.31115L1.03607 4.91585L4.23368 4.42624L4.49754 4.38584L4.61078 4.14411L6 1.17863L7.38922 4.14411L7.50246 4.38584L7.76632 4.42624L10.9639 4.91585L8.63114 7.31115L8.45534 7.49166L8.49583 7.74036L9.0369 11.0633L6.24228 9.51529Z" fill="var(--ddsweb-theme-colors-tesco-blue, #00539f)"></path><path fill-rule="evenodd" clip-rule="evenodd" d="M6 9.95267V0L7.842 3.932L12 4.56867L8.98933 7.66L9.696 12L6 9.95267Z" fill="var(--ddsweb-theme-colors-white, #ffffff)"></path></g><path stroke="var(--ddsweb-theme-colors-grayscale, #666666)" d="M6.24228 9.51529L6 9.38108L5.75772 9.51529L2.9631 11.0633L3.50417 7.74036L3.54466 7.49166L3.36886 7.31115L1.03607 4.91585L4.23368 4.42624L4.49754 4.38584L4.61078 4.14411L6 1.17863L7.38922 4.14411L7.50246 4.38584L7.76632 4.42624L10.9639 4.91585L8.63114 7.31115L8.45534 7.49166L8.49583 7.74035L9.0369 11.0633L6.24228 9.51529Z"></path><defs><clipPath id="clip0_1_2"><rect width="12" height="12" fill="white"></rect></clipPath></defs></svg><svg class="ddsweb-rating__icon-inactive" aria-hidden="true" xmlns="http://www.w3.org/2000/svg" width="12" height="12" viewBox="0 0 12 12" fill="none" data-di-res-id="2e8e4ef2-9770511d" data-di-rand="1749971260971"><path fill="var(--ddsweb-theme-colors-white, #ffffff)" stroke="var(--ddsweb-theme-colors-grayscale, #666666)" d="M6.24228 9.51529L6 9.38108L5.75772 9.51529L2.9631 11.0633L3.50417 7.74036L3.54466 7.49166L3.36886 7.31115L1.03607 4.91585L4.23368 4.42624L4.49754 4.38584L4.61078 4.14411L6 1.17863L7.38922 4.14411L7.50246 4.38584L7.76632 4.42624L10.9639 4.91585L8.63114 7.31115L8.45534 7.49166L8.49583 7.74035L9.0369 11.0633L6.24228 9.51529Z"></path></svg><p class="text__StyledText-sc-1jpzi8m-0 kiGrpI ddsweb-text styled__StyledHint-sc-1de15j6-8 MfAbW ddsweb-rating__hint">3.8 (54)</p></div></div><div class="styled__StyledVariationsContainer-sc-t48uy4-13 bDZUAH"></div><div class="styled__StyledDeliveryMessageContainer-sc-t48uy4-7 hhgAvL"></div><div class="styled__StyledDetailsContainer-sc-t48uy4-2 dMquZm" orientation="vertical"><a class="styled__Anchor-sc-1i711qa-0 lfiJmH styled__StyledLink-sc-k2gmo0-0 iktlRk ddsweb-link__anchor" href="/groceries/en-GB/reviews/submission/304377492" data-di-id="di-id-5538334c-ab8f2113"><span class="styled__Text-sc-1i711qa-1 RIkWH ddsweb-link__text">Write a review</span><span class="styled__IconContainer-sc-1i711qa-2 femlOX ddsweb-link__icon-container"><svg aria-hidden="true" class="styled__SVG-sc-1fqfvah-1 iGyaMX ddsweb-link__icon ddsweb-icon__svg" height="10" preserveAspectRatio="xMinYMax meet" viewBox="-1 0 12 20" width="6" xmlns="http://www.w3.org/2000/svg" color="currentColor" data-di-res-id="2e8e4ef2-3500f9ff" data-di-rand="1749971260971"><path d="M1.312 1.348L10.276 10l-8.964 8.644" fill="none" stroke="currentColor"></path></svg></span></a><a class="styled__Anchor-sc-1i711qa-0 lfiJmH styled__StyledLink-sc-1ylrywh-0 joIFCQ ddsweb-link__anchor" href="/groceries/en-GB/shop/fresh-food/chilled-fish-and-seafood/cod-haddock-and-white-fish/fresh-cod" aria-label="Rest of shelf Fresh Cod" data-di-id="di-id-3e05cab0-dfda65e3"><span class="styled__Text-sc-1i711qa-1 RIkWH ddsweb-link__text">Rest of shelf</span><span class="styled__IconContainer-sc-1i711qa-2 femlOX ddsweb-link__icon-container"><svg aria-hidden="true" class="styled__SVG-sc-1fqfvah-1 iGyaMX ddsweb-link__icon ddsweb-icon__svg" height="10" preserveAspectRatio="xMinYMax meet" viewBox="-1 0 12 20" width="6" xmlns="http://www.w3.org/2000/svg" color="currentColor" data-di-res-id="2e8e4ef2-5ce6bfd2" data-di-rand="1749971260971"><path d="M1.312 1.348L10.276 10l-8.964 8.644" fill="none" stroke="currentColor"></path></svg></span></a></div><div class="styled__StyledPromotionsContainer-sc-t48uy4-4 iFrZAf"><div class="styled__PromotionsContainer-sc-nc07d4-3 hyzOdv"><div><div class="styled__StyledPromotionsWithClubcardPriceContainer-sc-dfqdes-0 cJAeJR"><a href="/groceries/en-GB/promotions/92876164" class="styled__Container-sc-1d7lp92-4 fgHTfg ddsweb-value-bar__container" data-di-id="di-id-b8fcb942-b97d4020"><div class="styled__InnerContainer-sc-1d7lp92-5 fDFyTn ddsweb-value-bar__inner-container"><div class="styled__ClubcardPriceLogo-sc-1d7lp92-7 dCdODK ddsweb-value-bar__clubcard-logo"><svg role="img" width="56" height="56" fill="none" xmlns="http://www.w3.org/2000/svg" data-di-res-id="2e8e4ef2-529c0d87" data-di-rand="1749971260971"><title>Clubcard Price</title><path d="M0 12C0 5.373 5.373 0 12 0h44v56H12C5.373 56 0 50.627 0 44V12Z" fill="#00539F"></path><path d="M10.315 27.08c-.6 0-1.157-.137-1.67-.41a3.185 3.185 0 0 1-1.24-1.23c-.313-.547-.47-1.193-.47-1.94 0-.747.157-1.39.47-1.93a3.097 3.097 0 0 1 1.24-1.23c.513-.28 1.07-.42 1.67-.42.727 0 1.344.17 1.85.51.514.34.874.827 1.08 1.46l-1.13.45a1.638 1.638 0 0 0-.64-.88c-.306-.227-.693-.34-1.16-.34-.373 0-.717.09-1.03.27a1.86 1.86 0 0 0-.75.8c-.187.353-.28.79-.28 1.31s.093.96.28 1.32c.187.353.437.62.75.8.313.173.657.26 1.03.26.467 0 .854-.11 1.16-.33.314-.22.527-.517.64-.89l1.13.45c-.206.633-.566 1.12-1.08 1.46-.506.34-1.123.51-1.85.51Zm5.153-.08h-1.24v-7.08h1.24V27Zm5.927 0h-1.24v-.81c-.174.28-.397.5-.67.66-.274.153-.577.23-.91.23-.547 0-.974-.163-1.28-.49-.3-.327-.45-.777-.45-1.35v-3.4h1.24v3.1c0 .667.29 1 .87 1 .38 0 .673-.163.88-.49.213-.333.32-.787.32-1.36v-2.25h1.24V27Zm4.156.08a1.99 1.99 0 0 1-.9-.19 1.503 1.503 0 0 1-.58-.51V27h-1.24v-7.08h1.24v2.55c.167-.22.38-.393.64-.52s.55-.19.87-.19c.44 0 .83.113 1.17.34.34.227.604.543.79.95.194.4.29.857.29 1.37 0 .507-.103.963-.31 1.37-.2.4-.473.717-.82.95-.346.227-.73.34-1.15.34Zm-.28-1.14c.367 0 .67-.137.91-.41.247-.273.37-.643.37-1.11 0-.467-.123-.837-.37-1.11a1.159 1.159 0 0 0-.91-.41 1.19 1.19 0 0 0-.92.41c-.24.273-.36.643-.36 1.11 0 .467.12.837.36 1.11.247.273.554.41.92.41Zm6.08 1.14c-.507 0-.957-.113-1.35-.34-.394-.227-.7-.54-.92-.94a2.853 2.853 0 0 1-.33-1.38c0-.513.11-.97.33-1.37.22-.407.526-.723.92-.95.393-.227.843-.34 1.35-.34 1.146 0 1.923.47 2.33 1.41l-1.13.51c-.26-.52-.66-.78-1.2-.78-.387 0-.707.14-.96.42-.254.28-.38.647-.38 1.1 0 .453.126.82.38 1.1.253.28.573.42.96.42.54 0 .94-.26 1.2-.78l1.13.51c-.407.94-1.184 1.41-2.33 1.41Zm4.666 0c-.3 0-.583-.06-.85-.18a1.538 1.538 0 0 1-.64-.52c-.16-.233-.24-.51-.24-.83 0-.507.19-.913.57-1.22.38-.313.894-.47 1.54-.47h1.11v-.18c0-.26-.09-.467-.27-.62-.18-.16-.423-.24-.73-.24-.246 0-.47.067-.67.2-.2.127-.35.277-.45.45l-.95-.57c.18-.327.447-.597.8-.81.354-.22.777-.33 1.27-.33.707 0 1.257.17 1.65.51.394.34.59.83.59 1.47V27h-1.02l-.17-.66c-.166.227-.38.407-.64.54-.253.133-.553.2-.9.2Zm.3-1.06c.334 0 .614-.1.84-.3.234-.2.35-.447.35-.74v-.14h-.98c-.286 0-.516.057-.69.17a.506.506 0 0 0-.25.45c0 .18.06.32.18.42.127.093.31.14.55.14Zm3.653-4.18h1.24v.78c.147-.28.353-.493.62-.64.267-.147.563-.22.89-.22.34 0 .607.077.8.23l-.42 1.05a1.144 1.144 0 0 0-.55-.14c-.387 0-.707.167-.96.5-.253.333-.38.847-.38 1.54V27h-1.24v-5.16ZM46 27.08c-.42 0-.803-.113-1.15-.34a2.337 2.337 0 0 1-.82-.95 3.15 3.15 0 0 1-.29-1.37c0-.513.094-.97.28-1.37.194-.407.46-.723.8-.95.34-.227.73-.34 1.17-.34.347 0 .65.063.91.19.26.12.46.293.6.52v-2.55h1.24V27H47.5v-.62a1.676 1.676 0 0 1-.6.51 1.99 1.99 0 0 1-.9.19Zm.3-1.14c.367 0 .67-.137.91-.41.248-.273.37-.643.37-1.11 0-.467-.122-.837-.37-1.11a1.159 1.159 0 0 0-.91-.41c-.366 0-.672.137-.92.41-.24.273-.36.643-.36 1.11 0 .467.12.837.36 1.11.247.273.554.41.92.41ZM17.957 37h-1.3v-7h2.57c.467 0 .87.097 1.21.29.34.187.6.447.78.78.18.327.27.693.27 1.1 0 .407-.09.777-.27 1.11-.18.327-.44.587-.78.78-.34.187-.743.28-1.21.28h-1.27V37Zm1.17-3.86c.32 0 .574-.08.76-.24.187-.167.28-.41.28-.73s-.093-.56-.28-.72c-.186-.167-.44-.25-.76-.25h-1.17v1.94h1.17Zm3.359-1.3h1.24v.78c.146-.28.353-.493.62-.64.266-.147.563-.22.89-.22.34 0 .606.077.8.23l-.42 1.05a1.144 1.144 0 0 0-.55-.14c-.387 0-.707.167-.96.5-.254.333-.38.847-.38 1.54V37h-1.24v-5.16Zm4.187-1.34c0-.227.076-.417.23-.57a.774.774 0 0 1 .57-.23c.226 0 .416.077.57.23.153.153.23.343.23.57a.774.774 0 0 1-.23.57.774.774 0 0 1-.57.23.774.774 0 0 1-.57-.23.774.774 0 0 1-.23-.57Zm1.42 6.5h-1.24v-5.16h1.24V37Zm3.723.08c-.507 0-.957-.113-1.35-.34-.394-.227-.7-.54-.92-.94a2.853 2.853 0 0 1-.33-1.38c0-.513.11-.97.33-1.37.22-.407.526-.723.92-.95.393-.227.843-.34 1.35-.34 1.146 0 1.923.47 2.33 1.41l-1.13.51c-.26-.52-.66-.78-1.2-.78-.387 0-.707.14-.96.42-.254.28-.38.647-.38 1.1 0 .453.126.82.38 1.1.253.28.573.42.96.42.54 0 .94-.26 1.2-.78l1.13.51c-.407.94-1.184 1.41-2.33 1.41Zm8.026-2.26h-3.81c.067.38.224.67.47.87.247.193.547.29.9.29.294 0 .537-.06.73-.18.2-.127.39-.317.57-.57l1.05.57c-.253.413-.576.73-.97.95-.386.22-.87.33-1.45.33-.546 0-1.016-.127-1.41-.38a2.463 2.463 0 0 1-.87-1 2.945 2.945 0 0 1-.29-1.28c0-.447.1-.873.3-1.28.207-.407.504-.737.89-.99.387-.26.844-.39 1.37-.39.534 0 .99.12 1.37.36.38.24.667.557.86.95.194.387.29.8.29 1.24v.51Zm-1.27-.98a1.134 1.134 0 0 0-.41-.72c-.22-.187-.5-.28-.84-.28-.286 0-.543.09-.77.27a1.333 1.333 0 0 0-.47.73h2.49Z" fill="#fff"></path></svg></div><div class="styled__ContentContainer-sc-1d7lp92-8 dVbxyj ddsweb-value-bar__content-container"><p title="£4.55 Clubcard Price" class="text__StyledText-sc-1jpzi8m-0 gljcji ddsweb-text styled__ContentText-sc-1d7lp92-9 ijspZf ddsweb-value-bar__content-text">£4.55 Clubcard Price</p><p class="text__StyledText-sc-1jpzi8m-0 ggFawa ddsweb-text styled__SubText-sc-1d7lp92-11 jGBCCZ ddsweb-value-bar__content-subtext">(£13.38/kg)</p></div><div class="styled__IconContainer-sc-1d7lp92-12 gA-DXsl ddsweb-value-bar__icon-container"><svg xmlns="http://www.w3.org/2000/svg" width="16" height="16" fill="none" aria-hidden="true" data-di-res-id="2e8e4ef2-3df16271" data-di-rand="1749971260971"><path d="M4.354 2.771 9.77 8l-5.417 5.223 1.04 1.08L11.932 8 5.395 1.692l-1.041 1.08Z" fill="#00539F"></path></svg></div></div><p class="text__StyledText-sc-1jpzi8m-0 ggFawa ddsweb-text styled__TermsText-sc-1d7lp92-10 dCWOwo ddsweb-value-bar__terms">Offer valid for delivery from 11/06/2025 until 01/07/2025</p></a></div></div></div></div><div class="styled__StyledBuyBoxContainer-sc-t48uy4-3 jYiGsR SYzVz" orientation="vertical"><div class="base-components__RootElement-sc-150pv2j-1 styled__Container-sc-159tobh-0 gUUOsR cyGXML gmbSL ddsweb-buybox__container"><div class="base-components__BaseElement-sc-150pv2j-0 styled__PriceAndActions-sc-159tobh-3 iwUsaJ hyWgI ddsweb-buybox__price-and-actions"><div class="styled__StyledPriceContainer-sc-159tobh-5 kpODmQ"><div class="base-components__RootElement-sc-150pv2j-1 styled__Container-sc-v0qv7n-0 gUUOsR dECJWY ddsweb-buybox__price ddsweb-price__container"><p class="text__StyledText-sc-1jpzi8m-0 gyHOWz ddsweb-text styled__PriceText-sc-v0qv7n-1 cXlRF">£5.10</p><p class="text__StyledText-sc-1jpzi8m-0 kiGrpI ddsweb-text styled__Subtext-sc-v0qv7n-2 kLkheV ddsweb-price__subtext">£15.00/kg</p></div></div><div class="base-components__RootElement-sc-150pv2j-1 styled__Container-sc-195yncy-0 gUUOsR fGLoHO ddsweb-buybox__actions ddsweb-quantity-controls__container"><div class="base-components__RootElement-sc-150pv2j-1 styled__Container-sc-1rbigln-0 gUUOsR jjKXIy styled__StyledFormGroup-sc-195yncy-1 ldxiiI ddsweb-quantity-controls__form-group ddsweb-form-group__container"><label class="styled__StyledLabel-sc-1bpek9-0 CsZQe styled__StyledLabel-sc-1rbigln-2 eaqwEU ddsweb-form-group__label ddsweb-label" for="quantity-controls-304377492">Quantity controls, undefined</label><div class="base-components__BaseElement-sc-150pv2j-0 styled__Children-sc-1rbigln-5 iwUsaJ csugvD ddsweb-form-group__children"><div class="styled__StyledQuantityControlWrapper-sc-195yncy-6 lbTVkV"><label id="quantity-controls-304377492-label" class="styled__VisuallyHiddenLabel-sc-195yncy-7 bflMtB">Quantity of Tesco Fish Pie Mix 340G</label><div class="component__Wrapper-sc-19wd3h0-3 kiZcNf input-wrapper"><input class="base-components__RootElement-sc-150pv2j-1 styled__StyledInput-sc-7h0jvk-0 component__StyledAsInput-sc-19wd3h0-4 gUUOsR hlAFFt styled__StyledInput-sc-195yncy-3 jPiMHf ddsweb-quantity-controls__input ddsweb-input" data-auto="ddsweb-quantity-controls-input" autocomplete="off" id="quantity-controls-304377492" maxlength="2" type="number" aria-labelledby="quantity-controls-304377492-label" value="1" data-di-id="#quantity-controls-304377492"></div></div><button class="styled__StyledTextButton-sc-8hxn3m-0 bjIvKR styled__StyledButton-sc-195yncy-5 jUbPrY ddsweb-quantity-controls__add-button ddsweb-button ddsweb-button--text-button" type="submit" data-auto="ddsweb-quantity-controls-add-button" aria-label="add 1 Tesco Fish Pie Mix 340G" data-di-id="di-id-21e0a446-415366b9"><span class="shared-containers__StyledInnerContainer-sc-93ev6e-2 gplLQL ddsweb-button__inner-container">Add</span></button></div></div></div></div></div></div><div class="styled__StyledMessagingContainer-sc-t48uy4-5 jHhxvV" orientation="vertical"></div></div></div></li><li data-testid="314583520" class="WL_DZ" data-auto-available="true"><div class="_ecrj"><div class="styled__StyledVerticalTile-sc-1r1v9f3-1 LihIl"><div class="woiNV"></div><div class="styled__StyledImageContainer-sc-t48uy4-0 bixZuE KZ_O1"><a class="styled__ImageContainer-sc-1fweb41-0 irjUEM" href="/groceries/en-GB/products/314583520" aria-hidden="true" tabindex="-1" data-testid="imageContainer_314583520" data-di-id="di-id-745e762e-397ae0ad"><img alt="" aria-label="" orientation="vertical" src="https://digitalcontent.api.tesco.com/v2/media/ghs/e042b64a-6ae4-43c4-9790-70f70841fc79/0ef3c816-5015-4480-8bf2-d6175ae51d21.jpeg?h=225&amp;w=225" loading="lazy" data-testid="imageElement_314583520" class="styled__StyledImage-sc-1fweb41-1 hCXoFX"></a></div><div class="styled__StyledTitleContainer-sc-t48uy4-1 hmpPZn"><h2 class="component__StyledHeading-sc-1t0ixqu-0 iDJPjF ddsweb-heading styled-sc-mz7xly-0 kXoSwE styled__StyledTitle-sc-1a6zg7t-0 etoGWB b_hC4 ddsweb-title-link__container"><a class="styled__Anchor-sc-1i711qa-0 gRXcDF ddsweb-title-link__link ddsweb-link__anchor" href="/groceries/en-GB/products/314583520" aria-label="Tesco Smoked Salmon 100g " data-di-id="di-id-799bdb7e-4facca10"><span class="styled__Text-sc-1i711qa-1 bsLJsh ddsweb-link__text">Tesco Smoked Salmon 100g </span></a></h2></div><div class="zWmtM"><div class="styled__StyledNonInteractiveContainer-sc-1de15j6-7 klymXO ddsweb-rating__container" data-testid="star-rating" aria-label="Average customer rating 3.4 out of 5 stars"><svg class="ddsweb-rating__icon-active" aria-hidden="true" xmlns="http://www.w3.org/2000/svg" width="12" height="12" viewBox="0 0 12 12" fill="none" data-di-res-id="2e8e4ef2-b6ec113f" data-di-rand="1749971260971"><path fill="var(--ddsweb-theme-colors-tesco-blue, #00539f)" stroke="var(--ddsweb-theme-colors-grayscale, #666666)" d="M6.24228 9.51529L6 9.38108L5.75772 9.51529L2.9631 11.0633L3.50417 7.74036L3.54466 7.49166L3.36886 7.31115L1.03607 4.91585L4.23368 4.42624L4.49754 4.38584L4.61078 4.14411L6 1.17863L7.38922 4.14411L7.50246 4.38584L7.76632 4.42624L10.9639 4.91585L8.63114 7.31115L8.45534 7.49166L8.49583 7.74035L9.0369 11.0633L6.24228 9.51529Z"></path></svg><svg class="ddsweb-rating__icon-active" aria-hidden="true" xmlns="http://www.w3.org/2000/svg" width="12" height="12" viewBox="0 0 12 12" fill="none" data-di-res-id="2e8e4ef2-c5f72778" data-di-rand="1749971260971"><path fill="var(--ddsweb-theme-colors-tesco-blue, #00539f)" stroke="var(--ddsweb-theme-colors-grayscale, #666666)" d="M6.24228 9.51529L6 9.38108L5.75772 9.51529L2.9631 11.0633L3.50417 7.74036L3.54466 7.49166L3.36886 7.31115L1.03607 4.91585L4.23368 4.42624L4.49754 4.38584L4.61078 4.14411L6 1.17863L7.38922 4.14411L7.50246 4.38584L7.76632 4.42624L10.9639 4.91585L8.63114 7.31115L8.45534 7.49166L8.49583 7.74035L9.0369 11.0633L6.24228 9.51529Z"></path></svg><svg class="ddsweb-rating__icon-active" aria-hidden="true" xmlns="http://www.w3.org/2000/svg" width="12" height="12" viewBox="0 0 12 12" fill="none" data-di-res-id="2e8e4ef2-62aeb604" data-di-rand="1749971260971"><path fill="var(--ddsweb-theme-colors-tesco-blue, #00539f)" stroke="var(--ddsweb-theme-colors-grayscale, #666666)" d="M6.24228 9.51529L6 9.38108L5.75772 9.51529L2.9631 11.0633L3.50417 7.74036L3.54466 7.49166L3.36886 7.31115L1.03607 4.91585L4.23368 4.42624L4.49754 4.38584L4.61078 4.14411L6 1.17863L7.38922 4.14411L7.50246 4.38584L7.76632 4.42624L10.9639 4.91585L8.63114 7.31115L8.45534 7.49166L8.49583 7.74035L9.0369 11.0633L6.24228 9.51529Z"></path></svg><svg class="ddsweb-rating__icon-half-active" aria-hidden="true" xmlns="http://www.w3.org/2000/svg" width="12" height="12" viewBox="0 0 12 12" fill="none" data-di-res-id="2e8e4ef2-6b88183a" data-di-rand="1749971260971"><g clip-path="url(#clip0_1_2)"><path d="M6.24228 9.51529L6 9.38108L5.75772 9.51529L2.9631 11.0633L3.50417 7.74036L3.54466 7.49166L3.36886 7.31115L1.03607 4.91585L4.23368 4.42624L4.49754 4.38584L4.61078 4.14411L6 1.17863L7.38922 4.14411L7.50246 4.38584L7.76632 4.42624L10.9639 4.91585L8.63114 7.31115L8.45534 7.49166L8.49583 7.74036L9.0369 11.0633L6.24228 9.51529Z" fill="var(--ddsweb-theme-colors-tesco-blue, #00539f)"></path><path fill-rule="evenodd" clip-rule="evenodd" d="M6 9.95267V0L7.842 3.932L12 4.56867L8.98933 7.66L9.696 12L6 9.95267Z" fill="var(--ddsweb-theme-colors-white, #ffffff)"></path></g><path stroke="var(--ddsweb-theme-colors-grayscale, #666666)" d="M6.24228 9.51529L6 9.38108L5.75772 9.51529L2.9631 11.0633L3.50417 7.74036L3.54466 7.49166L3.36886 7.31115L1.03607 4.91585L4.23368 4.42624L4.49754 4.38584L4.61078 4.14411L6 1.17863L7.38922 4.14411L7.50246 4.38584L7.76632 4.42624L10.9639 4.91585L8.63114 7.31115L8.45534 7.49166L8.49583 7.74035L9.0369 11.0633L6.24228 9.51529Z"></path><defs><clipPath id="clip0_1_2"><rect width="12" height="12" fill="white"></rect></clipPath></defs></svg><svg class="ddsweb-rating__icon-inactive" aria-hidden="true" xmlns="http://www.w3.org/2000/svg" width="12" height="12" viewBox="0 0 12 12" fill="none" data-di-res-id="2e8e4ef2-dd1397ae" data-di-rand="1749971260971"><path fill="var(--ddsweb-theme-colors-white, #ffffff)" stroke="var(--ddsweb-theme-colors-grayscale, #666666)" d="M6.24228 9.51529L6 9.38108L5.75772 9.51529L2.9631 11.0633L3.50417 7.74036L3.54466 7.49166L3.36886 7.31115L1.03607 4.91585L4.23368 4.42624L4.49754 4.38584L4.61078 4.14411L6 1.17863L7.38922 4.14411L7.50246 4.38584L7.76632 4.42624L10.9639 4.91585L8.63114 7.31115L8.45534 7.49166L8.49583 7.74035L9.0369 11.0633L6.24228 9.51529Z"></path></svg><p class="text__StyledText-sc-1jpzi8m-0 kiGrpI ddsweb-text styled__StyledHint-sc-1de15j6-8 MfAbW ddsweb-rating__hint">3.4 (22)</p></div></div><div class="styled__StyledVariationsContainer-sc-t48uy4-13 bDZUAH"></div><div class="styled__StyledDeliveryMessageContainer-sc-t48uy4-7 hhgAvL"></div><div class="styled__StyledDetailsContainer-sc-t48uy4-2 dMquZm" orientation="vertical"><a class="styled__Anchor-sc-1i711qa-0 lfiJmH styled__StyledLink-sc-k2gmo0-0 iktlRk ddsweb-link__anchor" href="/groceries/en-GB/reviews/submission/314583520" data-di-id="di-id-5538334c-61e0b8a"><span class="styled__Text-sc-1i711qa-1 RIkWH ddsweb-link__text">Write a review</span><span class="styled__IconContainer-sc-1i711qa-2 femlOX ddsweb-link__icon-container"><svg aria-hidden="true" class="styled__SVG-sc-1fqfvah-1 iGyaMX ddsweb-link__icon ddsweb-icon__svg" height="10" preserveAspectRatio="xMinYMax meet" viewBox="-1 0 12 20" width="6" xmlns="http://www.w3.org/2000/svg" color="currentColor" data-di-res-id="2e8e4ef2-2951256c" data-di-rand="1749971260971"><path d="M1.312 1.348L10.276 10l-8.964 8.644" fill="none" stroke="currentColor"></path></svg></span></a><a class="styled__Anchor-sc-1i711qa-0 lfiJmH styled__StyledLink-sc-1ylrywh-0 joIFCQ ddsweb-link__anchor" href="/groceries/en-GB/shop/fresh-food/chilled-fish-and-seafood/salmon-and-trout/chilled-smoked-salmon" aria-label="Rest of shelf Chilled Smoked Salmon" data-di-id="di-id-f1e58df8-2575d222"><span class="styled__Text-sc-1i711qa-1 RIkWH ddsweb-link__text">Rest of shelf</span><span class="styled__IconContainer-sc-1i711qa-2 femlOX ddsweb-link__icon-container"><svg aria-hidden="true" class="styled__SVG-sc-1fqfvah-1 iGyaMX ddsweb-link__icon ddsweb-icon__svg" height="10" preserveAspectRatio="xMinYMax meet" viewBox="-1 0 12 20" width="6" xmlns="http://www.w3.org/2000/svg" color="currentColor" data-di-res-id="2e8e4ef2-64f7f975" data-di-rand="1749971260971"><path d="M1.312 1.348L10.276 10l-8.964 8.644" fill="none" stroke="currentColor"></path></svg></span></a></div><div class="styled__StyledPromotionsContainer-sc-t48uy4-4 iFrZAf"><div class="styled__PromotionsContainer-sc-nc07d4-3 hyzOdv"><div><div class="styled__StyledPromotionsWithClubcardPriceContainer-sc-dfqdes-0 cJAeJR"><a href="/groceries/en-GB/promotions/92666230" class="styled__Container-sc-1d7lp92-4 fgHTfg ddsweb-value-bar__container" data-di-id="di-id-b8fcb942-7df77b98"><div class="styled__InnerContainer-sc-1d7lp92-5 fDFyTn ddsweb-value-bar__inner-container"><div class="styled__ClubcardPriceLogo-sc-1d7lp92-7 dCdODK ddsweb-value-bar__clubcard-logo"><svg role="img" width="56" height="56" fill="none" xmlns="http://www.w3.org/2000/svg" data-di-res-id="2e8e4ef2-ce1dcf6e" data-di-rand="1749971260971"><title>Clubcard Price</title><path d="M0 12C0 5.373 5.373 0 12 0h44v56H12C5.373 56 0 50.627 0 44V12Z" fill="#00539F"></path><path d="M10.315 27.08c-.6 0-1.157-.137-1.67-.41a3.185 3.185 0 0 1-1.24-1.23c-.313-.547-.47-1.193-.47-1.94 0-.747.157-1.39.47-1.93a3.097 3.097 0 0 1 1.24-1.23c.513-.28 1.07-.42 1.67-.42.727 0 1.344.17 1.85.51.514.34.874.827 1.08 1.46l-1.13.45a1.638 1.638 0 0 0-.64-.88c-.306-.227-.693-.34-1.16-.34-.373 0-.717.09-1.03.27a1.86 1.86 0 0 0-.75.8c-.187.353-.28.79-.28 1.31s.093.96.28 1.32c.187.353.437.62.75.8.313.173.657.26 1.03.26.467 0 .854-.11 1.16-.33.314-.22.527-.517.64-.89l1.13.45c-.206.633-.566 1.12-1.08 1.46-.506.34-1.123.51-1.85.51Zm5.153-.08h-1.24v-7.08h1.24V27Zm5.927 0h-1.24v-.81c-.174.28-.397.5-.67.66-.274.153-.577.23-.91.23-.547 0-.974-.163-1.28-.49-.3-.327-.45-.777-.45-1.35v-3.4h1.24v3.1c0 .667.29 1 .87 1 .38 0 .673-.163.88-.49.213-.333.32-.787.32-1.36v-2.25h1.24V27Zm4.156.08a1.99 1.99 0 0 1-.9-.19 1.503 1.503 0 0 1-.58-.51V27h-1.24v-7.08h1.24v2.55c.167-.22.38-.393.64-.52s.55-.19.87-.19c.44 0 .83.113 1.17.34.34.227.604.543.79.95.194.4.29.857.29 1.37 0 .507-.103.963-.31 1.37-.2.4-.473.717-.82.95-.346.227-.73.34-1.15.34Zm-.28-1.14c.367 0 .67-.137.91-.41.247-.273.37-.643.37-1.11 0-.467-.123-.837-.37-1.11a1.159 1.159 0 0 0-.91-.41 1.19 1.19 0 0 0-.92.41c-.24.273-.36.643-.36 1.11 0 .467.12.837.36 1.11.247.273.554.41.92.41Zm6.08 1.14c-.507 0-.957-.113-1.35-.34-.394-.227-.7-.54-.92-.94a2.853 2.853 0 0 1-.33-1.38c0-.513.11-.97.33-1.37.22-.407.526-.723.92-.95.393-.227.843-.34 1.35-.34 1.146 0 1.923.47 2.33 1.41l-1.13.51c-.26-.52-.66-.78-1.2-.78-.387 0-.707.14-.96.42-.254.28-.38.647-.38 1.1 0 .453.126.82.38 1.1.253.28.573.42.96.42.54 0 .94-.26 1.2-.78l1.13.51c-.407.94-1.184 1.41-2.33 1.41Zm4.666 0c-.3 0-.583-.06-.85-.18a1.538 1.538 0 0 1-.64-.52c-.16-.233-.24-.51-.24-.83 0-.507.19-.913.57-1.22.38-.313.894-.47 1.54-.47h1.11v-.18c0-.26-.09-.467-.27-.62-.18-.16-.423-.24-.73-.24-.246 0-.47.067-.67.2-.2.127-.35.277-.45.45l-.95-.57c.18-.327.447-.597.8-.81.354-.22.777-.33 1.27-.33.707 0 1.257.17 1.65.51.394.34.59.83.59 1.47V27h-1.02l-.17-.66c-.166.227-.38.407-.64.54-.253.133-.553.2-.9.2Zm.3-1.06c.334 0 .614-.1.84-.3.234-.2.35-.447.35-.74v-.14h-.98c-.286 0-.516.057-.69.17a.506.506 0 0 0-.25.45c0 .18.06.32.18.42.127.093.31.14.55.14Zm3.653-4.18h1.24v.78c.147-.28.353-.493.62-.64.267-.147.563-.22.89-.22.34 0 .607.077.8.23l-.42 1.05a1.144 1.144 0 0 0-.55-.14c-.387 0-.707.167-.96.5-.253.333-.38.847-.38 1.54V27h-1.24v-5.16ZM46 27.08c-.42 0-.803-.113-1.15-.34a2.337 2.337 0 0 1-.82-.95 3.15 3.15 0 0 1-.29-1.37c0-.513.094-.97.28-1.37.194-.407.46-.723.8-.95.34-.227.73-.34 1.17-.34.347 0 .65.063.91.19.26.12.46.293.6.52v-2.55h1.24V27H47.5v-.62a1.676 1.676 0 0 1-.6.51 1.99 1.99 0 0 1-.9.19Zm.3-1.14c.367 0 .67-.137.91-.41.248-.273.37-.643.37-1.11 0-.467-.122-.837-.37-1.11a1.159 1.159 0 0 0-.91-.41c-.366 0-.672.137-.92.41-.24.273-.36.643-.36 1.11 0 .467.12.837.36 1.11.247.273.554.41.92.41ZM17.957 37h-1.3v-7h2.57c.467 0 .87.097 1.21.29.34.187.6.447.78.78.18.327.27.693.27 1.1 0 .407-.09.777-.27 1.11-.18.327-.44.587-.78.78-.34.187-.743.28-1.21.28h-1.27V37Zm1.17-3.86c.32 0 .574-.08.76-.24.187-.167.28-.41.28-.73s-.093-.56-.28-.72c-.186-.167-.44-.25-.76-.25h-1.17v1.94h1.17Zm3.359-1.3h1.24v.78c.146-.28.353-.493.62-.64.266-.147.563-.22.89-.22.34 0 .606.077.8.23l-.42 1.05a1.144 1.144 0 0 0-.55-.14c-.387 0-.707.167-.96.5-.254.333-.38.847-.38 1.54V37h-1.24v-5.16Zm4.187-1.34c0-.227.076-.417.23-.57a.774.774 0 0 1 .57-.23c.226 0 .416.077.57.23.153.153.23.343.23.57a.774.774 0 0 1-.23.57.774.774 0 0 1-.57.23.774.774 0 0 1-.57-.23.774.774 0 0 1-.23-.57Zm1.42 6.5h-1.24v-5.16h1.24V37Zm3.723.08c-.507 0-.957-.113-1.35-.34-.394-.227-.7-.54-.92-.94a2.853 2.853 0 0 1-.33-1.38c0-.513.11-.97.33-1.37.22-.407.526-.723.92-.95.393-.227.843-.34 1.35-.34 1.146 0 1.923.47 2.33 1.41l-1.13.51c-.26-.52-.66-.78-1.2-.78-.387 0-.707.14-.96.42-.254.28-.38.647-.38 1.1 0 .453.126.82.38 1.1.253.28.573.42.96.42.54 0 .94-.26 1.2-.78l1.13.51c-.407.94-1.184 1.41-2.33 1.41Zm8.026-2.26h-3.81c.067.38.224.67.47.87.247.193.547.29.9.29.294 0 .537-.06.73-.18.2-.127.39-.317.57-.57l1.05.57c-.253.413-.576.73-.97.95-.386.22-.87.33-1.45.33-.546 0-1.016-.127-1.41-.38a2.463 2.463 0 0 1-.87-1 2.945 2.945 0 0 1-.29-1.28c0-.447.1-.873.3-1.28.207-.407.504-.737.89-.99.387-.26.844-.39 1.37-.39.534 0 .99.12 1.37.36.38.24.667.557.86.95.194.387.29.8.29 1.24v.51Zm-1.27-.98a1.134 1.134 0 0 0-.41-.72c-.22-.187-.5-.28-.84-.28-.286 0-.543.09-.77.27a1.333 1.333 0 0 0-.47.73h2.49Z" fill="#fff"></path></svg></div><div class="styled__ContentContainer-sc-1d7lp92-8 dVbxyj ddsweb-value-bar__content-container"><p title="£3.00 Clubcard Price" class="text__StyledText-sc-1jpzi8m-0 gljcji ddsweb-text styled__ContentText-sc-1d7lp92-9 ijspZf ddsweb-value-bar__content-text">£3.00 Clubcard Price</p><p class="text__StyledText-sc-1jpzi8m-0 ggFawa ddsweb-text styled__SubText-sc-1d7lp92-11 jGBCCZ ddsweb-value-bar__content-subtext">(£3.00/100g)</p></div><div class="styled__IconContainer-sc-1d7lp92-12 gA-DXsl ddsweb-value-bar__icon-container"><svg xmlns="http://www.w3.org/2000/svg" width="16" height="16" fill="none" aria-hidden="true" data-di-res-id="2e8e4ef2-1f1d72f7" data-di-rand="1749971260971"><path d="M4.354 2.771 9.77 8l-5.417 5.223 1.04 1.08L11.932 8 5.395 1.692l-1.041 1.08Z" fill="#00539F"></path></svg></div></div><p class="text__StyledText-sc-1jpzi8m-0 ggFawa ddsweb-text styled__TermsText-sc-1d7lp92-10 dCWOwo ddsweb-value-bar__terms">Offer valid for delivery from 21/05/2025 until 01/07/2025</p></a></div></div></div></div><div class="styled__StyledBuyBoxContainer-sc-t48uy4-3 jYiGsR SYzVz" orientation="vertical"><div class="base-components__RootElement-sc-150pv2j-1 styled__Container-sc-159tobh-0 gUUOsR cyGXML gmbSL ddsweb-buybox__container"><div class="base-components__BaseElement-sc-150pv2j-0 styled__PriceAndActions-sc-159tobh-3 iwUsaJ hyWgI ddsweb-buybox__price-and-actions"><div class="styled__StyledPriceContainer-sc-159tobh-5 kpODmQ"><div class="base-components__RootElement-sc-150pv2j-1 styled__Container-sc-v0qv7n-0 gUUOsR dECJWY ddsweb-buybox__price ddsweb-price__container"><p class="text__StyledText-sc-1jpzi8m-0 gyHOWz ddsweb-text styled__PriceText-sc-v0qv7n-1 cXlRF">£3.75</p><p class="text__StyledText-sc-1jpzi8m-0 kiGrpI ddsweb-text styled__Subtext-sc-v0qv7n-2 kLkheV ddsweb-price__subtext">£3.75/100g</p></div></div><div class="base-components__RootElement-sc-150pv2j-1 styled__Container-sc-195yncy-0 gUUOsR fGLoHO ddsweb-buybox__actions ddsweb-quantity-controls__container"><div class="base-components__RootElement-sc-150pv2j-1 styled__Container-sc-1rbigln-0 gUUOsR jjKXIy styled__StyledFormGroup-sc-195yncy-1 ldxiiI ddsweb-quantity-controls__form-group ddsweb-form-group__container"><label class="styled__StyledLabel-sc-1bpek9-0 CsZQe styled__StyledLabel-sc-1rbigln-2 eaqwEU ddsweb-form-group__label ddsweb-label" for="quantity-controls-314583520">Quantity controls, undefined</label><div class="base-components__BaseElement-sc-150pv2j-0 styled__Children-sc-1rbigln-5 iwUsaJ csugvD ddsweb-form-group__children"><div class="styled__StyledQuantityControlWrapper-sc-195yncy-6 lbTVkV"><label id="quantity-controls-314583520-label" class="styled__VisuallyHiddenLabel-sc-195yncy-7 bflMtB">Quantity of Tesco Smoked Salmon 100g </label><div class="component__Wrapper-sc-19wd3h0-3 kiZcNf input-wrapper"><input class="base-components__RootElement-sc-150pv2j-1 styled__StyledInput-sc-7h0jvk-0 component__StyledAsInput-sc-19wd3h0-4 gUUOsR hlAFFt styled__StyledInput-sc-195yncy-3 jPiMHf ddsweb-quantity-controls__input ddsweb-input" data-auto="ddsweb-quantity-controls-input" autocomplete="off" id="quantity-controls-314583520" maxlength="2" type="number" aria-labelledby="quantity-controls-314583520-label" value="1" data-di-id="#quantity-controls-314583520"></div></div><button class="styled__StyledTextButton-sc-8hxn3m-0 bjIvKR styled__StyledButton-sc-195yncy-5 jUbPrY ddsweb-quantity-controls__add-button ddsweb-button ddsweb-button--text-button" type="submit" data-auto="ddsweb-quantity-controls-add-button" aria-label="add 1 Tesco Smoked Salmon 100g " data-di-id="di-id-21e0a446-d85a3703"><span class="shared-containers__StyledInnerContainer-sc-93ev6e-2 gplLQL ddsweb-button__inner-container">Add</span></button></div></div></div></div></div></div><div class="styled__StyledMessagingContainer-sc-t48uy4-5 jHhxvV" orientation="vertical"></div></div></div></li></ul><nav class="styled__PaginationBarWrapper-sc-1yves1k-0 cjmjqn BEmtj ddsweb-pagination__container"><div class="styled__PaginationResultsWrapper-sc-1cpbt6j-2 hhkuiO ddsweb-pagination__results"><p class="text__StyledText-sc-1jpzi8m-0 gljcji ddsweb-text styled__StyledText-sc-1cpbt6j-1 btqUCV"><span role="alert" aria-live="polite" class="text__StyledText-sc-1jpzi8m-0 gljcji ddsweb-text">Showing <strong class="w8aYc">1 to 26</strong> of <strong class="w8aYc">278</strong> items</span></p></div><div class="styled__PaginationControls-sc-1o9kszc-2 erQXtp WINOO"><label class="styled__PaginationResultCountWrapper-sc-iv9odr-0 bLlApI ddsweb-pagination__result-options" aria-label="Show 24 items per page" data-pagesize="24"><p class="text__StyledText-sc-1jpzi8m-0 gljcji ddsweb-text ddsweb-pagination__result-options-pre-text"><strong class="styled__PaginationResultStrong-sc-1cpbt6j-0 glOfD">Show</strong></p><div class="base-components__RootElement-sc-150pv2j-1 styled__Container-sc-1g47hf0-0 gUUOsR eIqdSW styled__PaginationResultCountDropDown-sc-iv9odr-1 kJWmwh ddsweb-dropdown__container"><select aria-disabled="false" class="styled__HiddenSelect-sc-1g47hf0-3 gVwnUt ddsweb-dropdown__hidden-select" name="result-count"><option value="24" aria-selected="true" selected="">24</option><option value="48">48</option></select><span aria-hidden="true" class="styled__SelectSpan-sc-1g47hf0-2 bdsYyV ddsweb-dropdown__select-span">24</span><svg aria-hidden="true" class="styled__SVG-sc-1fqfvah-1 iGyaMX styled__AlignedIcon-sc-1g47hf0-1 ivCfuA ddsweb-dropdown__select-icon ddsweb-icon__svg" height="12" preserveAspectRatio="xMinYMax meet" viewBox="0 -1 20 12" width="20" xmlns="http://www.w3.org/2000/svg" color="currentColor" data-di-res-id="2e8e4ef2-316c9af1" data-di-rand="1749971260971"><path d="M18.652 1.312L10 10.276 1.356 1.312" fill="none" stroke="#666666"></path></svg></div><p class="text__StyledText-sc-1jpzi8m-0 gljcji ddsweb-text ddsweb-pagination__result-options-post-text">items per page</p></label><div class="styled__PaginationNav-sc-1o9kszc-1 bUsDBB ddsweb-pagination__navigation"><ul class="styled__UnorderedList-sc-1o9kszc-0 TvWAv"><li class="styled__PaginationPageItem-sc-1cxynx8-0 kbEdzc ddsweb-pagination__page-item"><a class="styled__Anchor-sc-1qq9jvz-0 iKyGcH styled__StyledLink-sc-jwnana-0 ddsweb-pagination-page-action__link ddsweb-link__anchor" aria-disabled="true" role="link" data-next-previous-btn="previous" data-testid="previous"><svg aria-hidden="true" class="styled__SVG-sc-1fqfvah-1 iGyaMX ddsweb-link__icon ddsweb-icon__svg" height="13.33" preserveAspectRatio="xMinYMax meet" viewBox="1 0 12 20" width="8" xmlns="http://www.w3.org/2000/svg" color="currentColor" data-di-res-id="a746c25f-b69d1c15" data-di-rand="1749971260971"><path d="M10.688 18.652L1.723 10l8.964-8.644" fill="none" stroke="currentColor"></path></svg></a></li><li class="styled__PaginationPageItem-sc-1cxynx8-0 kbEdzc ddsweb-pagination__page-item"><a class="styled__Anchor-sc-1i711qa-0 kSmZVg styled__StyledLink-sc-jwnana-0 jjpXJc page ddsweb-pagination-page-action__link ddsweb-link__anchor" href="/groceries/en-GB/search?query=fish&amp;sortBy=relevance&amp;count=24#top" data-page="1" data-testid="page-1" aria-current="page" data-di-id="di-id-767dd400-a32f0c71"><span class="styled__Text-sc-1i711qa-1 bsLJsh ddsweb-link__text">1</span></a></li><li class="styled__PaginationPageItem-sc-1cxynx8-0 kbEdzc ddsweb-pagination__page-item"><a class="styled__Anchor-sc-1i711qa-0 bTThDU styled__StyledLink-sc-jwnana-0 bODJae page ddsweb-pagination-page-action__link ddsweb-link__anchor" href="/groceries/en-GB/search?query=fish&amp;sortBy=relevance&amp;page=2&amp;count=24#top" data-page="2" data-testid="page-2" aria-label="page: 2" data-di-id="di-id-767dd400-3d74d0ab"><span class="styled__Text-sc-1i711qa-1 bsLJsh ddsweb-link__text">2</span></a></li><li class="styled__PaginationPageItem-sc-1cxynx8-0 kbEdzc ddsweb-pagination__page-item"><a class="styled__Anchor-sc-1i711qa-0 bTThDU styled__StyledLink-sc-jwnana-0 bODJae page ddsweb-pagination-page-action__link ddsweb-link__anchor" href="/groceries/en-GB/search?query=fish&amp;sortBy=relevance&amp;page=3&amp;count=24#top" data-page="3" data-testid="page-3" aria-label="page: 3" data-di-id="di-id-767dd400-4a73e03d"><span class="styled__Text-sc-1i711qa-1 bsLJsh ddsweb-link__text">3</span></a></li><li class="styled__PaginationPageItem-sc-1cxynx8-0 kbEdzc ddsweb-pagination__page-item"><a class="styled__Anchor-sc-1i711qa-0 bTThDU styled__StyledLink-sc-jwnana-0 bODJae page ddsweb-pagination-page-action__link ddsweb-link__anchor" href="/groceries/en-GB/search?query=fish&amp;sortBy=relevance&amp;page=4&amp;count=24#top" data-page="4" data-testid="page-4" aria-label="page: 4" data-di-id="di-id-767dd400-d417759e"><span class="styled__Text-sc-1i711qa-1 bsLJsh ddsweb-link__text">4</span></a></li><li class="styled__PaginationPageItem-sc-1cxynx8-0 kbEdzc ddsweb-pagination__page-item"><a class="styled__Anchor-sc-1i711qa-0 bTThDU styled__StyledLink-sc-jwnana-0 bODJae page ddsweb-pagination-page-action__link ddsweb-link__anchor" href="/groceries/en-GB/search?query=fish&amp;sortBy=relevance&amp;page=5&amp;count=24#top" data-page="5" data-testid="page-5" aria-label="page: 5" data-di-id="di-id-767dd400-a3104508"><span class="styled__Text-sc-1i711qa-1 bsLJsh ddsweb-link__text">5</span></a></li><li aria-label="10 next pages hidden" data-testid="pagination-last-dots" class="styled__PaginationPageItem-sc-1cxynx8-0 kbEdzc ddsweb-pagination__page-item"><span class="text__StyledText-sc-1jpzi8m-0 gljcji ddsweb-text">...</span></li><li class="styled__PaginationPageItem-sc-1cxynx8-0 kbEdzc ddsweb-pagination__page-item"><a class="styled__Anchor-sc-1i711qa-0 bTThDU styled__StyledLink-sc-jwnana-0 bODJae page ddsweb-pagination-page-action__link ddsweb-link__anchor" href="/groceries/en-GB/search?query=fish&amp;sortBy=relevance&amp;page=12&amp;count=24#top" data-page="12" data-testid="page-12" aria-label="page: 12" data-di-id="di-id-767dd400-3a1914b2"><span class="styled__Text-sc-1i711qa-1 bsLJsh ddsweb-link__text">12</span></a></li><li class="styled__PaginationPageItem-sc-1cxynx8-0 kbEdzc ddsweb-pagination__page-item"><a class="styled__Anchor-sc-1qq9jvz-0 caqnkr styled__StyledLink-sc-jwnana-0 ddsweb-pagination-page-action__link ddsweb-link__anchor" href="/groceries/en-GB/search?query=fish&amp;sortBy=relevance&amp;page=2&amp;count=24#top" aria-disabled="false" data-next-previous-btn="next" data-testid="next" aria-label="Next page" data-di-id="di-id-767dd400-4d1e2424"><svg aria-hidden="true" class="styled__SVG-sc-1fqfvah-1 iGyaMX ddsweb-link__icon ddsweb-icon__svg" height="13.33" preserveAspectRatio="xMinYMax meet" viewBox="-1 0 12 20" width="8" xmlns="http://www.w3.org/2000/svg" color="currentColor" data-di-res-id="35290375-d8e5db04" data-di-rand="1749971260971"><path d="M1.312 1.348L10.276 10l-8.964 8.644" fill="none" stroke="currentColor"></path></svg></a></li></ul></div></div></nav><div class="CdZmi"><a class="styled__Anchor-sc-1h9djka-0 eSXunI ddsweb-link__anchor" href="/groceries/en-GB/search?query=fish&amp;sortBy=relevance&amp;page=2&amp;count=24" data-di-id="di-id-92b9f1ba-c8e21c30"><span class="styled__Text-sc-1h9djka-1 etgFwm ddsweb-link__text">Show 24 more</span><span class="styled__IconContainer-sc-1h9djka-2 hgQhdj ddsweb-link__icon-container"><svg aria-hidden="true" class="styled__SVG-sc-1fqfvah-1 iGyaMX ddsweb-link__icon ddsweb-icon__svg" height="12" preserveAspectRatio="xMinYMax meet" viewBox="0 -1 20 12" width="20" xmlns="http://www.w3.org/2000/svg" color="currentColor" data-di-res-id="2e8e4ef2-7c584ac4" data-di-rand="1749971260971"><path d="M18.652 1.312L10 10.276 1.356 1.312" fill="none" stroke="currentColor"></path></svg></span></a></div><div data-testid="back-to-top-hidden" class="lSTHg"><button class="styled__StyledIconButton-sc-rnkc1-1 gQfTEt NCAYl ddsweb-button ddsweb-button--icon-button" type="button" aria-label="Back to the top"><div class="styled__StyledIconContainer-sc-rnkc1-0 jHmcyx"><svg xmlns="http://www.w3.org/2000/svg" width="24" height="24" fill="none" viewBox="0 0 24 24" aria-hidden="true" data-di-res-id="2e8e4ef2-cacbd0a5" data-di-rand="1749971260971"><path fill="currentColor" d="m4.13 12.554 7.143-7.143v15.037h1.5V5.41l7.144 7.143 1.06-1.06-8.954-8.955-8.954 8.955z"></path></svg></div></button></div><div></div></div>