<div class="search-page-content__products-tab-content"><div class="search-page-content__filters-row"><div class="search-page-content__sort search-page-content__sort--product"><button data-auto-id="" type="button" class="asda-btn asda-btn--plain facet-button" data-di-id="di-id-30771e14-f89fca80"><div class="facet-button__content"><div class="facet-button__description"><div class="facet-button__text">sort</div><div class="facet-button__subtext">Relevance (high to low)</div></div><span role="img" data-auto-id="" class="asda-icon asda-icon--charcoal asda-icon--regular asda-icon--rotate0 facet-button__icon"><svg viewBox="0 0 32 32" xmlns="http://www.w3.org/2000/svg" data-di-rand="1750009194578" data-di-res-id="8d794f01-6ce2633e"><path d="M13.5 22a.5.5 0 01.5.5v1a.5.5 0 01-.5.5h-7a.5.5 0 01-.5-.5v-1a.5.5 0 01.5-.5zm5-7a.5.5 0 01.5.5v1a.5.5 0 01-.5.5h-12a.5.5 0 01-.5-.5v-1a.5.5 0 01.5-.5zm7-7a.5.5 0 01.5.5v1a.5.5 0 01-.5.5h-19a.5.5 0 01-.5-.5v-1a.5.5 0 01.5-.5z" fill="#3d3d3d" class="asda-icon__draw" fill-rule="evenodd"></path></svg></span></div></button><div class="asda-responsive-menu sort-by-select"><div class="asda-responsive-menu__children-container asda-responsive-menu__children-container--hide" style="transition: opacity 500ms; opacity: 0; z-index: -100;"></div></div></div><div data-auto-id="nutritionFilter" class="nutrition-filter search-product-facets__nutrition-filter"><div class="tooltip-wrapper"><button aria-label="Dietary &amp; Lifestyle selected" aria-expanded="false" type="button" class="asda-filter filter-button" data-di-id="di-id-cd8b8df7-7a3a4082"><span class="asda-filter__text"><span class="asda-filter__caption">Dietary &amp; Lifestyle </span><span data-auto-id="selectedSortByText" class="asda-filter__selection"></span></span><span class="asda-filter__icon"><span role="img" data-auto-id="" class="asda-icon asda-icon--charcoal asda-icon--regular asda-icon--rotate0"><svg viewBox="0 0 32 32" xmlns="http://www.w3.org/2000/svg" data-di-rand="1750009194578" data-di-res-id="8d794f01-d48a3a46"><path d="M14 20c1.306 0 2.418.835 2.83 2h8.67a.5.5 0 01.5.5v1a.5.5 0 01-.5.5h-8.671a3.001 3.001 0 01-5.658 0H6.5a.5.5 0 01-.5-.5v-1a.5.5 0 01.5-.5h4.67A3.001 3.001 0 0114 20zm0 2a1 1 0 00-.117 1.993L14 24a1 1 0 00.117-1.993zm7-9c1.306 0 2.418.835 2.83 2h1.67a.5.5 0 01.5.5v1a.5.5 0 01-.5.5h-1.671a3.001 3.001 0 01-5.658 0H6.5a.5.5 0 01-.5-.5v-1a.5.5 0 01.5-.5h11.67A3.001 3.001 0 0121 13zm0 2a1 1 0 00-.117 1.993L21 17a1 1 0 00.117-1.993zM11 6c1.306 0 2.418.835 2.83 2H25.5a.5.5 0 01.5.5v1a.5.5 0 01-.5.5H13.829a3.001 3.001 0 01-5.658 0H6.5a.5.5 0 01-.5-.5v-1a.5.5 0 01.5-.5h1.67A3.001 3.001 0 0111 6zm0 2a1 1 0 00-.117 1.993L11 10a1 1 0 00.117-1.993z" fill="#3d3d3d" class="asda-icon__draw" fill-rule="evenodd"></path></svg></span></span></button></div></div><div class="co-dropdown facet-dropdown"><select name="Category" class="co-dropdown__select facet-dropdown__select"><option value="Category" class="co-dropdown__option" aria-label="Category">Category</option><option value="super_dept_name:Meat, Poultry &amp; Fish" class="co-dropdown__option" aria-label="Category Meat, Poultry &amp; Fish (515)">Meat, Poultry &amp; Fish (515)</option><option value="super_dept_name:Frozen Food" class="co-dropdown__option" aria-label="Category Frozen Food (265)">Frozen Food (265)</option><option value="super_dept_name:Home &amp; Entertainment" class="co-dropdown__option" aria-label="Category Home &amp; Entertainment (257)">Home &amp; Entertainment (257)</option><option value="super_dept_name:Food Cupboard" class="co-dropdown__option" aria-label="Category Food Cupboard (146)">Food Cupboard (146)</option><option value="super_dept_name:Dietary &amp; Lifestyle" class="co-dropdown__option" aria-label="Category Dietary &amp; Lifestyle (55)">Dietary &amp; Lifestyle (55)</option><option value="super_dept_name:World Food" class="co-dropdown__option" aria-label="Category World Food (39)">World Food (39)</option><option value="super_dept_name:Chilled Food" class="co-dropdown__option" aria-label="Category Chilled Food (19)">Chilled Food (19)</option><option value="super_dept_name:Health &amp; Wellness" class="co-dropdown__option" aria-label="Category Health &amp; Wellness (13)">Health &amp; Wellness (13)</option><option value="super_dept_name:Pet Food &amp; Accessories" class="co-dropdown__option" aria-label="Category Pet Food &amp; Accessories (3)">Pet Food &amp; Accessories (3)</option></select><span aria-hidden="true" role="img" data-auto-id="" class="asda-icon asda-icon--charcoal asda-icon--small asda-icon--rotate0 co-dropdown__caret facet-dropdown__caret"><svg viewBox="0 0 32 32" xmlns="http://www.w3.org/2000/svg" data-di-rand="1750009194578" data-di-res-id="7e288417-bffaf5ee"><path d="M10.546 12h10.91c.462 0 .714.565.418.937l-5.454 6.857a.53.53 0 01-.838 0l-5.455-6.857c-.296-.372-.043-.937.42-.937z" fill="#3d3d3d" class="asda-icon__draw"></path></svg></span></div><div class="co-dropdown facet-dropdown"><select name="Brand" class="co-dropdown__select facet-dropdown__select"><option value="Brand" class="co-dropdown__option" aria-label="Brand">Brand</option><option value="product_brand:ASDA" class="co-dropdown__option" aria-label="Brand ASDA (419)">ASDA (419)</option><option value="product_brand:George Home" class="co-dropdown__option" aria-label="Brand George Home (156)">George Home (156)</option><option value="product_brand:Exceptional by ASDA" class="co-dropdown__option" aria-label="Brand Exceptional by ASDA (96)">Exceptional by ASDA (96)</option><option value="product_brand:Birds Eye" class="co-dropdown__option" aria-label="Brand Birds Eye (58)">Birds Eye (58)</option><option value="product_brand:John West" class="co-dropdown__option" aria-label="Brand John West (55)">John West (55)</option><option value="product_brand:Scoville" class="co-dropdown__option" aria-label="Brand Scoville (36)">Scoville (36)</option><option value="product_brand:SUMMER GRILL by ASDA" class="co-dropdown__option" aria-label="Brand SUMMER GRILL by ASDA (33)">SUMMER GRILL by ASDA (33)</option><option value="product_brand:Shazans" class="co-dropdown__option" aria-label="Brand Shazans (29)">Shazans (29)</option><option value="product_brand:Young's" class="co-dropdown__option" aria-label="Brand Young's (29)">Young's (29)</option><option value="product_brand:JUST ESSENTIALS by ASDA" class="co-dropdown__option" aria-label="Brand JUST ESSENTIALS by ASDA (25)">JUST ESSENTIALS by ASDA (25)</option></select><span aria-hidden="true" role="img" data-auto-id="" class="asda-icon asda-icon--charcoal asda-icon--small asda-icon--rotate0 co-dropdown__caret facet-dropdown__caret"><svg viewBox="0 0 32 32" xmlns="http://www.w3.org/2000/svg" data-di-rand="1750009194578" data-di-res-id="8d794f01-d68686c4"><path d="M10.546 12h10.91c.462 0 .714.565.418.937l-5.454 6.857a.53.53 0 01-.838 0l-5.455-6.857c-.296-.372-.043-.937.42-.937z" fill="#3d3d3d" class="asda-icon__draw"></path></svg></span></div></div><div class=" co-product-list co-product-list--rest-in-shelf"><ul class=" co-product-list__main-cntr co-product-list__main-cntr--rest-in-shelf"><li class=" co-item co-item--rest-in-shelf " style="order: 0;"><div><div class="co-product"><div class="co-item__col1 co-item__col1--rest-in-shelf"><button type="button" data-auto-id="linkProductImage" class="asda-link asda-link--primary asda-link--button" aria-disabled="false"><div class="thumbnail__image-container co-product__image co-product__image--rest-in-shelf co-item__image"><picture class="asda-image picture"><source type="image/webp" srcset="https://ui.assets-asda.com/dm/asdagroceries/5055946000879?$ProdList2x$=&amp;fmt=webp"><img alt="MOWI 2 Piri Piri Superior Scottish Slow Roast Salmon Fillets 180g" class="asda-img asda-image thumbnail__image" data-auto-id="" src="https://ui.assets-asda.com/dm/asdagroceries/5055946000879?$ProdList2x$=&amp;fmt=jpg" loading="lazy" title="MOWI 2 Piri Piri Superior Scottish Slow Roast Salmon Fillets 180g"></picture></div></button><div class="co-item__items-container"><div class="co-item-fsl__favourites-image-container co-item__items" role="presentation" data-auto-id="favouritesAndShoppingList"><div class="context-wrapper"><button data-auto-id="" type="button" class="asda-btn asda-btn--plain asda-btn--icon co-item-fsl__favourites-button" aria-label="options for favourite shopping list" aria-expanded="false"><span role="img" data-auto-id="" class="asda-icon asda-icon--white asda-icon--regular asda-icon--rotate0 co-item-fsl__favourites-image co-item__items"><svg viewBox="0 0 35 23" xmlns="http://www.w3.org/2000/svg" xmlns:xlink="http://www.w3.org/1999/xlink" data-di-res-id="76631237-d8c3a9" data-di-rand="1750009195261"><defs><path id="asda_fav_list_1" d="M7.02 2C7 2.344 7 2.685 7 3h6c0-.315 0-.656-.02-1H18c1 0 2 .784 2 1.667v17.667C20 22.167 19 23 18 23H2c-1 0-2-.833-2-1.666V3.667C0 2.833 1 2 2 2h5.02zM12 2H8c0-1 1-2 2-2s2 1 2 2zM7 17v2h10v-2H7zm-4-5v2h2v-2H3zm0-5v2h2V7H3zm0 10v2h2v-2H3zm4-5v2h10v-2H7zm0-5v2h10V7H7z"></path><path id="asda_fav_list_2" d="M24 21c-1.818-1.8-10-7.65-10-12.6C14 5.7 15.818 3 19 3c2 0 4 .82 5 3.295C25 3.82 27 3 29 3c3.182 0 5 2.7 5 5.4 0 4.95-8.182 10.8-10 12.6z"></path></defs><g class="asda-icon__draw" fill="none" fill-rule="evenodd"><use fill="#3d3d3d" xlink:href="#asda_fav_list_1"></use><use class="asda-icon__draw" fill="#FFF" stroke="#3d3d3d" stroke-width="1.9" xlink:href="#asda_fav_list_2"></use></g></svg></span></button></div></div><div class="co-item__volume-container co-item__items"><span class="co-product__volume co-item__volume">180g      </span></div></div></div><div class="co-item__col2 co-item__col2--rest-in-shelf co-item__col2--sponsored co-item__col2--has-icon-list"><div class="co-item__title-container co-item__title-container--rest-in-shelf"><h3 class="co-product__title"><a class="co-product__anchor" data-auto-id="linkProductTitle" href="/product/salmon/mowi-2-piri-piri-superior-scottish-slow-roast-salmon-fillets-180-g/1000383155443" data-di-id="di-id-a00ed786-a5e6964b">MOWI 2 Piri Piri Superior Scottish Slow Roast Salmon Fillets 180g</a></h3></div><div class="co-item__rating-container"><button type="button" data-auto-id="linkProductRating" class="asda-link asda-link--primary asda-link--button co-product__rating" aria-disabled="false" aria-label="3.63 stars out of 5 based on 27 reviews, you will be taken to the reviews on clicking this" data-di-id="di-id-f9fe053c-f3f4a3bb"><div class="rating-stars"><div style="width: 72.6%;" class="rating-stars__stars rating-stars__stars--top" aria-hidden="true"><span aria-hidden="true">★</span><span aria-hidden="true">★</span><span aria-hidden="true">★</span><span aria-hidden="true">★</span><span aria-hidden="true">★</span></div><div class="rating-stars__stars rating-stars__stars--bottom" aria-hidden="true"><span aria-hidden="true">☆</span><span aria-hidden="true">☆</span><span aria-hidden="true">☆</span><span aria-hidden="true">☆</span><span aria-hidden="true">☆</span></div></div><span class="co-product__review-count" aria-hidden="true">(27)</span></button></div><div class="co-item__bundled-item-count-container"></div><div class="co-item__promo-container co-item__promo-container--rest-in-shelf"></div><div class="label-container"><div class="co-item__sponsored-label">Sponsored</div><div><ul><div class="co-item__icon-list-container"><ul class="co-product__promo-icon-list co-item__promo-icon-list co-item__promo-icon-list--list-position co-item__promo-icon-list--sponsored"><li class="co-product__promo-icon-item"><div class="co-product__promo-icon-image-cntr"><button data-auto-id="btnPromo" type="button" class="asda-btn asda-btn--plain co-product__promo-icon-button" aria-label="show information on Great Taste of Scotland"><picture class="asda-image picture"><source srcset="https://ui.assets-asda.com/dm/_021_scottish?$Icon-wapp2x$="><img alt="Great Taste of Scotland" class="asda-img asda-image co-product__promo-icon-img" data-auto-id="" src="https://ui.assets-asda.com/dm/_021_scottish?$Icon-wapp2x$=" loading="lazy" title="Great Taste of Scotland"></picture></button></div></li></ul></div></ul></div></div></div><div class="co-item__col3 co-item__col3--rest-in-shelf co-item__col3--sponsored"><div class="co-item__price-container co-item__price-container--rest-in-shelf"><span class="co-item__price-per-uom"><strong class="co-product__price"><span class="co-product__hidden-label"> now </span>£6.28</strong><p class="co-item__price-per-uom-msg"><span class="co-product__price-per-uom">(£34.89/kg)</span></p></span></div><div class="co-item__quantity-container co-item__quantity-container--rest-in-shelf"><div class="co-item__quantity-container"><div class="quantity-button"><div class="add-button-with-tooltip"><div class="tooltip-wrapper"><button data-auto-id="btnAdd" type="button" class="asda-btn asda-btn--primary asda-btn--fluid add-button" aria-label="Add item MOWI 2 Piri Piri Superior Scottish Slow Roast Salmon Fillets 180g to cart" data-di-id="di-id-bd5e14ce-b3d9e896">Add</button></div></div></div></div></div></div><div class="co-item__col4"><a class="asda-link asda-link--primary" data-auto-id="linkViewTheShelf" target="_self" href="/aisle/meat-poultry-fish/fish-seafood/salmon/1215135760597-1215337195095-1215685901159" data-di-id="di-id-9404a7e0-69a8840c">View the shelf</a></div></div></div></li><li class=" co-item co-item--rest-in-shelf " style="order: 1;"><div><div class="co-product"><div class="co-item__col1 co-item__col1--rest-in-shelf"><button type="button" data-auto-id="linkProductImage" class="asda-link asda-link--primary asda-link--button" aria-disabled="false"><div class="thumbnail__image-container co-product__image co-product__image--rest-in-shelf co-item__image"><picture class="asda-image picture"><source type="image/webp" srcset="https://ui.assets-asda.com/dm/asdagroceries/5000205046990?$ProdList2x$=&amp;fmt=webp"><img alt="Young's Gastro 2 Lightly Dusted Sea Salt &amp; Cracked Black Pepper Basa Fillets" class="asda-img asda-image thumbnail__image" data-auto-id="" src="https://ui.assets-asda.com/dm/asdagroceries/5000205046990?$ProdList2x$=&amp;fmt=jpg" loading="lazy" title="Young's Gastro 2 Lightly Dusted Sea Salt &amp; Cracked Black Pepper Basa Fillets"></picture></div></button><div class="co-item__items-container"><div class="co-item-fsl__favourites-image-container co-item__items" role="presentation" data-auto-id="favouritesAndShoppingList"><div class="context-wrapper"><button data-auto-id="" type="button" class="asda-btn asda-btn--plain asda-btn--icon co-item-fsl__favourites-button" aria-label="options for favourite shopping list" aria-expanded="false"><span role="img" data-auto-id="" class="asda-icon asda-icon--white asda-icon--regular asda-icon--rotate0 co-item-fsl__favourites-image co-item__items"><svg viewBox="0 0 35 23" xmlns="http://www.w3.org/2000/svg" xmlns:xlink="http://www.w3.org/1999/xlink" data-di-res-id="4c10193c-ea357b50" data-di-rand="1750009195261"><defs><path id="asda_fav_list_1" d="M7.02 2C7 2.344 7 2.685 7 3h6c0-.315 0-.656-.02-1H18c1 0 2 .784 2 1.667v17.667C20 22.167 19 23 18 23H2c-1 0-2-.833-2-1.666V3.667C0 2.833 1 2 2 2h5.02zM12 2H8c0-1 1-2 2-2s2 1 2 2zM7 17v2h10v-2H7zm-4-5v2h2v-2H3zm0-5v2h2V7H3zm0 10v2h2v-2H3zm4-5v2h10v-2H7zm0-5v2h10V7H7z"></path><path id="asda_fav_list_2" d="M24 21c-1.818-1.8-10-7.65-10-12.6C14 5.7 15.818 3 19 3c2 0 4 .82 5 3.295C25 3.82 27 3 29 3c3.182 0 5 2.7 5 5.4 0 4.95-8.182 10.8-10 12.6z"></path></defs><g class="asda-icon__draw" fill="none" fill-rule="evenodd"><use fill="#3d3d3d" xlink:href="#asda_fav_list_1"></use><use class="asda-icon__draw" fill="#FFF" stroke="#3d3d3d" stroke-width="1.9" xlink:href="#asda_fav_list_2"></use></g></svg></span></button></div></div><div class="co-item__volume-container co-item__items"><span class="co-product__volume co-item__volume">310g      </span></div></div></div><div class="co-item__col2 co-item__col2--rest-in-shelf co-item__col2--has-icon-list"><div class="co-item__title-container co-item__title-container--rest-in-shelf"><h3 class="co-product__title"><a class="co-product__anchor" data-auto-id="linkProductTitle" href="/product/battered-breaded-fish/youngs-gastro-2-lightly-dusted-sea-salt-cracked-black-pepper-basa-fillets/1000042553916" data-di-id="di-id-4275db4b-75fd4e75">Young's Gastro 2 Lightly Dusted Sea Salt &amp; Cracked Black Pepper Basa Fillets</a></h3></div><div class="co-item__rating-container"><button type="button" data-auto-id="linkProductRating" class="asda-link asda-link--primary asda-link--button co-product__rating" aria-disabled="false" aria-label="4.4 stars out of 5 based on 50+ reviews, you will be taken to the reviews on clicking this" data-di-id="di-id-f9fe053c-665ea5f8"><div class="rating-stars"><div style="width: 88%;" class="rating-stars__stars rating-stars__stars--top" aria-hidden="true"><span aria-hidden="true">★</span><span aria-hidden="true">★</span><span aria-hidden="true">★</span><span aria-hidden="true">★</span><span aria-hidden="true">★</span></div><div class="rating-stars__stars rating-stars__stars--bottom" aria-hidden="true"><span aria-hidden="true">☆</span><span aria-hidden="true">☆</span><span aria-hidden="true">☆</span><span aria-hidden="true">☆</span><span aria-hidden="true">☆</span></div></div><span class="co-product__review-count" aria-hidden="true">(50+)</span></button></div><div class="co-item__bundled-item-count-container"></div><div class="co-item__promo-container co-item__promo-container--rest-in-shelf"><span data-auto-id="secondaryPromoBanner" class="co-product__promo co-product__promo--staying-back co-product__promo--rest-in-shelf" title="Asda Price"><span class="co-product__promo-text"><span role="img" data-auto-id="" class="asda-icon asda-icon--charcoal asda-icon--regular asda-icon--rotate0 asda-icon--brand"><svg xmlns="http://www.w3.org/2000/svg" viewBox="0 0 103 20" fill="none" data-di-res-id="76631237-643d5de4" data-di-rand="1750009195261"><path d="M99.347 1.493V0H3.653v1.493c0 1.538-.662 3.018-1.858 4.113C.563 6.732 0 8.333 0 9.966v.069c0 1.632.563 3.233 1.795 4.36 1.196 1.094 1.858 2.574 1.858 4.112V20h95.694v-1.493c0-1.538.662-3.018 1.858-4.113 1.232-1.126 1.795-2.727 1.795-4.36v-.069c0-1.632-.563-3.233-1.795-4.36-1.196-1.094-1.858-2.574-1.858-4.112z" fill="#79C300"></path><path d="M86.061 15.224c-2.66 0-4.326-2.03-4.326-5.25 0-3.052 1.792-4.998 4.592-4.998 2.618 0 4.172 1.68 4.172 4.508 0 .336-.028.714-.084 1.204h-5.768c.112 1.484.63 2.212 1.526 2.212.644 0 1.176-.518 1.372-1.372l2.492.91c-.588 1.722-2.002 2.786-3.976 2.786zM84.69 9.036h3.01c0-1.148-.504-1.82-1.358-1.82-.896 0-1.47.644-1.652 1.82zm-7.61 6.188c-2.716 0-4.368-1.932-4.368-5.11 0-3.22 1.708-5.138 4.578-5.138 2.072 0 3.486 1.162 4.004 3.304l-2.744.686c-.168-1.078-.616-1.666-1.274-1.666-1.092 0-1.68.98-1.68 2.8 0 1.848.518 2.8 1.512 2.8.784 0 1.162-.462 1.498-1.834l2.492.952c-.546 2.128-1.904 3.206-4.018 3.206zM68.96 15V5.2h2.8V15h-2.8zm-8.586-9.464c1.274-.392 2.45-.56 3.668-.56 2.534 0 4.13 1.302 4.13 3.388 0 1.162-.476 2.072-1.302 2.646.868 1.05 1.484 2.45 1.736 3.99h-2.884c-.238-1.148-.7-2.422-1.33-3.332h-1.218V15h-2.8V5.536zm2.8 4.032h.854c.756 0 1.26-.49 1.26-1.204 0-.812-.392-1.148-1.176-1.148-.308 0-.644.042-.938.168v2.184zM51.651 5.536c1.26-.378 2.436-.56 3.668-.56 2.534 0 4.13 1.302 4.13 3.388 0 1.988-1.484 3.304-3.738 3.304h-1.26V15h-2.8V5.536zm2.8 4.032h.854c.756 0 1.26-.49 1.26-1.204 0-.812-.392-1.148-1.176-1.148-.308 0-.63.042-.938.168v2.184zM38.732 15l3.08-9.8h3.22l3.08 9.8h-3.01l-.378-1.54H42.12L41.742 15h-3.01zm3.892-3.64h1.596l-.798-3.276-.798 3.276zM30.679 5.41c.812-.21 2.128-.434 3.262-.434 3.304 0 5.082 1.652 5.082 5.124 0 2.912-2.016 4.9-4.984 4.9h-3.36V5.41zm2.8 7.35h.574c1.274 0 2.086-1.036 2.086-2.8 0-2.016-.602-2.744-1.806-2.744-.308 0-.56.042-.854.126v5.418zm-7.706 2.464c-1.96 0-3.373-.966-4.087-2.786l2.463-.91c.267.882.883 1.372 1.723 1.372.587 0 .951-.294.951-.742 0-.49-.322-.672-1.918-1.064l-.392-.098c-1.456-.364-2.38-1.47-2.38-2.828 0-1.974 1.428-3.192 3.725-3.192 2.127 0 3.43 1.008 3.808 2.814l-2.646.658c-.183-.854-.546-1.148-1.134-1.148-.532 0-.896.294-.896.728s.336.686 1.091.826l.309.056c2.253.406 3.29 1.386 3.29 3.094 0 1.974-1.512 3.22-3.907 3.22zM12.291 15l3.08-9.8h3.22l3.08 9.8h-3.01l-.378-1.54h-2.604L15.301 15h-3.01zm3.892-3.64h1.596l-.798-3.276-.798 3.276z" fill="#00303C"></path></svg></span></span></span></div><div class="label-container"><div><ul><div class="co-item__icon-list-container"><ul class="co-product__promo-icon-list co-item__promo-icon-list co-item__promo-icon-list--list-position"><li class="co-product__promo-icon-item"><div class="co-product__promo-icon-image-cntr"><button data-auto-id="btnPromo" type="button" class="asda-btn asda-btn--plain co-product__promo-icon-button" aria-label="show information on Frozen"><picture class="asda-image picture"><source srcset="https://ui.assets-asda.com/dm/_046_frozen?$Icon-wapp2x$="><img alt="Frozen" class="asda-img asda-image co-product__promo-icon-img" data-auto-id="" src="https://ui.assets-asda.com/dm/_046_frozen?$Icon-wapp2x$=" loading="lazy" title="Frozen"></picture></button></div></li></ul></div></ul></div></div></div><div class="co-item__col3 co-item__col3--rest-in-shelf"><div class="co-item__price-container co-item__price-container--rest-in-shelf"><div><strong class="co-product__price"><span class="co-product__hidden-label"> now </span>£3.32</strong><p class="co-item__price-per-uom-msg"><span class="co-product__price-per-uom">(£10.71/kg)</span></p></div></div><div class="co-item__quantity-container co-item__quantity-container--rest-in-shelf"><div class="co-item__quantity-container"><div class="quantity-button"><div class="add-button-with-tooltip"><div class="tooltip-wrapper"><button data-auto-id="btnAdd" type="button" class="asda-btn asda-btn--primary asda-btn--fluid add-button" aria-label="Add item Young's Gastro 2 Lightly Dusted Sea Salt &amp; Cracked Black Pepper Basa Fillets to cart" data-di-id="di-id-bd5e14ce-b3d9e896">Add</button></div></div></div></div></div></div><div class="co-item__col4"><a class="asda-link asda-link--primary" data-auto-id="linkViewTheShelf" target="_self" href="/shelf/frozen-food/chicken-meat-fish/frozen-fish/battered-breaded-fish/1215338621416-1215666947082-1215685961757-910000977050" data-di-id="di-id-85340ba2-5a4e7c17">View the shelf</a></div></div></div></li><li class=" co-item co-item--rest-in-shelf " style="order: 2;"><div><div class="co-product"><div class="co-item__col1 co-item__col1--rest-in-shelf"><button type="button" data-auto-id="linkProductImage" class="asda-link asda-link--primary asda-link--button" aria-disabled="false"><div class="thumbnail__image-container co-product__image co-product__image--rest-in-shelf co-item__image"><picture class="asda-image picture"><source type="image/webp" srcset="https://ui.assets-asda.com/dm/asdagroceries/5000116125838?$ProdList2x$=&amp;fmt=webp"><img alt="Birds Eye 6 Chunky Battered Fish Fingers" class="asda-img asda-image thumbnail__image" data-auto-id="" src="https://ui.assets-asda.com/dm/asdagroceries/5000116125838?$ProdList2x$=&amp;fmt=jpg" loading="lazy" title="Birds Eye 6 Chunky Battered Fish Fingers"></picture></div></button><div class="co-item__items-container"><div class="co-item-fsl__favourites-image-container co-item__items" role="presentation" data-auto-id="favouritesAndShoppingList"><div class="context-wrapper"><button data-auto-id="" type="button" class="asda-btn asda-btn--plain asda-btn--icon co-item-fsl__favourites-button" aria-label="options for favourite shopping list" aria-expanded="false"><span role="img" data-auto-id="" class="asda-icon asda-icon--white asda-icon--regular asda-icon--rotate0 co-item-fsl__favourites-image co-item__items"><svg viewBox="0 0 35 23" xmlns="http://www.w3.org/2000/svg" xmlns:xlink="http://www.w3.org/1999/xlink" data-di-res-id="76631237-4cce1d3e" data-di-rand="1750009195261"><defs><path id="asda_fav_list_1" d="M7.02 2C7 2.344 7 2.685 7 3h6c0-.315 0-.656-.02-1H18c1 0 2 .784 2 1.667v17.667C20 22.167 19 23 18 23H2c-1 0-2-.833-2-1.666V3.667C0 2.833 1 2 2 2h5.02zM12 2H8c0-1 1-2 2-2s2 1 2 2zM7 17v2h10v-2H7zm-4-5v2h2v-2H3zm0-5v2h2V7H3zm0 10v2h2v-2H3zm4-5v2h10v-2H7zm0-5v2h10V7H7z"></path><path id="asda_fav_list_2" d="M24 21c-1.818-1.8-10-7.65-10-12.6C14 5.7 15.818 3 19 3c2 0 4 .82 5 3.295C25 3.82 27 3 29 3c3.182 0 5 2.7 5 5.4 0 4.95-8.182 10.8-10 12.6z"></path></defs><g class="asda-icon__draw" fill="none" fill-rule="evenodd"><use fill="#3d3d3d" xlink:href="#asda_fav_list_1"></use><use class="asda-icon__draw" fill="#FFF" stroke="#3d3d3d" stroke-width="1.9" xlink:href="#asda_fav_list_2"></use></g></svg></span></button></div></div><div class="co-item__volume-container co-item__items"><span class="co-product__volume co-item__volume">360g      </span></div></div></div><div class="co-item__col2 co-item__col2--rest-in-shelf co-item__col2--has-icon-list"><div class="co-item__title-container co-item__title-container--rest-in-shelf"><h3 class="co-product__title"><a class="co-product__anchor" data-auto-id="linkProductTitle" href="/product/fish-fingers-shapes/birds-eye-6-chunky-battered-fish-fingers/1000244837644" data-di-id="di-id-25607fb2-f12806df">Birds Eye 6 Chunky Battered Fish Fingers</a></h3></div><div class="co-item__rating-container"><button type="button" data-auto-id="linkProductRating" class="asda-link asda-link--primary asda-link--button co-product__rating" aria-disabled="false" aria-label="3.75 stars out of 5 based on 50+ reviews, you will be taken to the reviews on clicking this" data-di-id="di-id-f9fe053c-665ea5f8"><div class="rating-stars"><div style="width: 75%;" class="rating-stars__stars rating-stars__stars--top" aria-hidden="true"><span aria-hidden="true">★</span><span aria-hidden="true">★</span><span aria-hidden="true">★</span><span aria-hidden="true">★</span><span aria-hidden="true">★</span></div><div class="rating-stars__stars rating-stars__stars--bottom" aria-hidden="true"><span aria-hidden="true">☆</span><span aria-hidden="true">☆</span><span aria-hidden="true">☆</span><span aria-hidden="true">☆</span><span aria-hidden="true">☆</span></div></div><span class="co-product__review-count" aria-hidden="true">(50+)</span></button></div><div class="co-item__bundled-item-count-container"></div><div class="co-item__promo-container co-item__promo-container--rest-in-shelf"><span data-auto-id="secondaryPromoBanner" class="co-product__promo co-product__promo--rollback co-product__promo--rest-in-shelf" title="Rollback"><span class="co-product__promo-text"><span role="img" data-auto-id="" class="asda-icon asda-icon--charcoal asda-icon--regular asda-icon--rotate0 asda-icon--brand"><svg viewBox="0 0 93 20" fill="none" xmlns="http://www.w3.org/2000/svg" data-di-res-id="76631237-ec73ee63" data-di-rand="1750009195261"><path d="M89.702 1.493V0H3.298v1.493A5.851 5.851 0 011.62 5.606C.508 6.732 0 8.333 0 9.966v.069c0 1.632.508 3.233 1.62 4.36a5.851 5.851 0 011.678 4.112V20h86.404v-1.493c0-1.538.597-3.018 1.677-4.113C92.492 13.268 93 11.667 93 10.034v-.069c0-1.632-.508-3.233-1.62-4.36a5.851 5.851 0 01-1.678-4.112z" fill="#FAED4A"></path><path d="M22.541 7.393c2.26 0 3.687 1.162 3.687 3.02 0 1.034-.424 1.852-1.162 2.357.778.937 1.323 2.187 1.547 3.557H24.04c-.208-1.025-.625-2.163-1.186-2.973h-1.09v2.973h-2.501V7.89a10.78 10.78 0 013.27-.497h.008zm-.008 4.095c.673 0 1.122-.441 1.122-1.074 0-.721-.352-1.026-1.05-1.026-.272 0-.577.04-.833.152v1.948h.761zm15.014-3.895h2.5v6.739h2.814v1.995h-5.306V7.593h-.008zm6.132 0h2.5v6.739h2.814v1.995h-5.306V7.593h-.008zm9.25-.2c2.132 0 3.35.85 3.35 2.396 0 .737-.336 1.346-1.09 1.763.962.288 1.516 1.097 1.516 1.987 0 1.747-1.227 2.796-3.463 2.796H49.81V7.89a9.626 9.626 0 013.118-.497zm.056 3.718c.633 0 1.122-.248 1.122-.898 0-.512-.328-.849-1.034-.849-.328 0-.577.048-.825.136v1.61h.737zm.12 3.245c.674 0 1.123-.24 1.123-.873 0-.497-.209-.834-1.034-.834h-.946v1.707h.857zm4.145-.2c0-1.931 1.515-2.893 4.697-2.997.176-.978-.249-1.77-.946-1.77s-1.122.488-1.25 1.37l-2.421-.498c.352-1.858 1.675-2.868 3.783-2.868 2.108 0 3.335 1.234 3.335 3.445v5.465h-2.501V15.27c-.497.834-1.25 1.258-2.245 1.258-1.426 0-2.444-1.001-2.444-2.371h-.008zm3.398.352c.81 0 1.283-.633 1.283-1.738v-.177c-1.37 0-2.108.449-2.108 1.17 0 .44.336.737.825.737v.008zm4.641-2.54c0-2.868 1.523-4.583 4.08-4.583 1.852 0 3.11 1.034 3.576 2.949l-2.445.609c-.153-.962-.553-1.483-1.139-1.483-.978 0-1.499.874-1.499 2.5 0 1.627.465 2.5 1.347 2.5.697 0 1.034-.408 1.339-1.634l2.22.849c-.489 1.899-1.7 2.86-3.583 2.86-2.42 0-3.896-1.722-3.896-4.559v-.008zm8.353-4.375h2.5v3.318l1.909-3.334H81l-2.758 4.19c1.034.746 2.325 2.67 2.637 4.56H78.18c-.425-1.594-1.339-2.868-2.036-3.373v3.373h-2.501V7.593zM14.268 6.2l.24-.378c.185-.56.041-1.41-.08-1.834l-2.091.528c.336 1.17.176 3.19-.337 4.88 1.74-.48 3.775-.256 5.026.176l.537-1.923c-.224-.096-1.37-.44-2.028-.248l-.064.272" fill="#00303C"></path><path d="M31.51 6.744c-4.176.73-6.276 6.17-1.947 8.221 1.57.697 3.55.032 4.729-1.242 1.267-1.306 1.403-3.157.721-4.784-1.523-3.621-5.987-4.535-9.659-4.463-3.92.048-7.831 1.475-10.693 4.143l-1.78-1.875C16.209 3.579 20.81 1.976 25.339 2c3.335-.008 7.094.697 9.667 3.117 1.804 1.675 2.854 4.183 2.47 6.675-.698 4.535-6.798 7.1-10.085 3.526-3.254-3.43-.336-8.702 4.12-8.582v.008z" fill="#00303C"></path><path d="M30.853 10.502c.112-.12.2-.273.256-.449.152-.52-.072-1.057-.505-1.186-.44-.128-.922.193-1.074.713a1.117 1.117 0 00-.024.537s.36-.056.713.04a1.8 1.8 0 01.634.345zm2.373.633c.112-.12.2-.272.256-.44.153-.522-.072-1.058-.505-1.187-.433-.128-.914.193-1.074.714-.056.184-.056.36-.024.536 0 0 .36-.056.713.04.353.097.634.345.634.345m.056 2.083c-1.387 1.13-3.671.778-4.489-.8-.248-.49-.32-1.019-.32-1.515l.553-.024c.112.8.545 1.538 1.33 1.754.618.2 1.523.024 1.916-.456l1.01 1.041z" fill="#00303C"></path></svg></span></span></span></div><div class="label-container"><div><ul><div class="co-item__icon-list-container"><ul class="co-product__promo-icon-list co-item__promo-icon-list co-item__promo-icon-list--list-position"><li class="co-product__promo-icon-item"><div class="co-product__promo-icon-image-cntr"><button data-auto-id="btnPromo" type="button" class="asda-btn asda-btn--plain co-product__promo-icon-button" aria-label="show information on Frozen"><picture class="asda-image picture"><source srcset="https://ui.assets-asda.com/dm/_046_frozen?$Icon-wapp2x$="><img alt="Frozen" class="asda-img asda-image co-product__promo-icon-img" data-auto-id="" src="https://ui.assets-asda.com/dm/_046_frozen?$Icon-wapp2x$=" loading="lazy" title="Frozen"></picture></button></div></li></ul></div></ul></div></div></div><div class="co-item__col3 co-item__col3--rest-in-shelf"><div class="co-item__price-container co-item__price-container--rest-in-shelf"><div><span class="co-product__was-price"><span class="co-product__hidden-label">was &nbsp;</span>£3.74</span><strong class="co-product__price"><span class="co-product__hidden-label"> now </span>£2.48</strong><p class="co-item__price-per-uom-msg"><span class="co-product__price-per-uom">(£6.89/kg)</span></p></div></div><div class="co-item__quantity-container co-item__quantity-container--rest-in-shelf"><div class="co-item__quantity-container"><div class="quantity-button"><div class="add-button-with-tooltip"><div class="tooltip-wrapper"><button data-auto-id="btnAdd" type="button" class="asda-btn asda-btn--primary asda-btn--fluid add-button" aria-label="Add item Birds Eye 6 Chunky Battered Fish Fingers to cart" data-di-id="di-id-bd5e14ce-b3d9e896">Add</button></div></div></div></div></div></div><div class="co-item__col4"><a class="asda-link asda-link--primary" data-auto-id="linkViewTheShelf" target="_self" href="/shelf/frozen-food/chicken-meat-fish/frozen-fish/fish-fingers-shapes/1215338621416-1215666947082-1215685961757-910001112636" data-di-id="di-id-5e510a12-5c954c41">View the shelf</a></div></div></div></li><li class=" co-item co-item--rest-in-shelf " style="order: 3;"><div><div class="co-product"><div class="co-item__col1 co-item__col1--rest-in-shelf"><button type="button" data-auto-id="linkProductImage" class="asda-link asda-link--primary asda-link--button" aria-disabled="false"><div class="thumbnail__image-container co-product__image co-product__image--rest-in-shelf co-item__image"><picture class="asda-image picture"><source type="image/webp" srcset="https://ui.assets-asda.com/dm/asdagroceries/5000116102464?$ProdList2x$=&amp;fmt=webp"><img alt="Birds Eye 8 Crispy Batter Fish Fingers 224g" class="asda-img asda-image thumbnail__image" data-auto-id="" src="https://ui.assets-asda.com/dm/asdagroceries/5000116102464?$ProdList2x$=&amp;fmt=jpg" loading="lazy" title="Birds Eye 8 Crispy Batter Fish Fingers 224g"></picture></div></button><div class="co-item__items-container"><div class="co-item-fsl__favourites-image-container co-item__items" role="presentation" data-auto-id="favouritesAndShoppingList"><div class="context-wrapper"><button data-auto-id="" type="button" class="asda-btn asda-btn--plain asda-btn--icon co-item-fsl__favourites-button" aria-label="options for favourite shopping list" aria-expanded="false"><span role="img" data-auto-id="" class="asda-icon asda-icon--white asda-icon--regular asda-icon--rotate0 co-item-fsl__favourites-image co-item__items"><svg viewBox="0 0 35 23" xmlns="http://www.w3.org/2000/svg" xmlns:xlink="http://www.w3.org/1999/xlink" data-di-res-id="b039d748-a06fe922" data-di-rand="1750009195261"><defs><path id="asda_fav_list_1" d="M7.02 2C7 2.344 7 2.685 7 3h6c0-.315 0-.656-.02-1H18c1 0 2 .784 2 1.667v17.667C20 22.167 19 23 18 23H2c-1 0-2-.833-2-1.666V3.667C0 2.833 1 2 2 2h5.02zM12 2H8c0-1 1-2 2-2s2 1 2 2zM7 17v2h10v-2H7zm-4-5v2h2v-2H3zm0-5v2h2V7H3zm0 10v2h2v-2H3zm4-5v2h10v-2H7zm0-5v2h10V7H7z"></path><path id="asda_fav_list_2" d="M24 21c-1.818-1.8-10-7.65-10-12.6C14 5.7 15.818 3 19 3c2 0 4 .82 5 3.295C25 3.82 27 3 29 3c3.182 0 5 2.7 5 5.4 0 4.95-8.182 10.8-10 12.6z"></path></defs><g class="asda-icon__draw" fill="none" fill-rule="evenodd"><use fill="#3d3d3d" xlink:href="#asda_fav_list_1"></use><use class="asda-icon__draw" fill="#FFF" stroke="#3d3d3d" stroke-width="1.9" xlink:href="#asda_fav_list_2"></use></g></svg></span></button></div></div><div class="co-item__volume-container co-item__items"><span class="co-product__volume co-item__volume">224g      </span></div></div><div class="link-save-banner"><a class="link-save-banner-large__anchor link-save-banner-large__anchor--hyperlink" data-auto-id="linkPromoDetail" href="/promotion/any-4-for-4.98/ls95090" data-di-id="di-id-cde0763d-e979bd97"><div class="link-save-banner-large__meat-sticker"><span class="link-save-banner-large__config link-save-banner-large__config--block link-save-banner-large__config--font-normal link-save-banner-large__config--center link-save-banner-large__config--height-normal">Any 4 for </span><span class="link-save-banner-large__config link-save-banner-large__config--block link-save-banner-large__config--font-huge link-save-banner-large__config--up-small">£4.98</span><span class="link-save-banner-large__view-all">View all</span></div></a></div></div><div class="co-item__col2 co-item__col2--rest-in-shelf co-item__col2--has-icon-list"><div class="co-item__title-container co-item__title-container--rest-in-shelf"><h3 class="co-product__title"><a class="co-product__anchor" data-auto-id="linkProductTitle" href="/product/fish-fingers-shapes/birds-eye-8-crispy-batter-fish-fingers-224-g/910000037235" data-di-id="di-id-d9e87428-f8c3dd58">Birds Eye 8 Crispy Batter Fish Fingers 224g</a></h3></div><div class="co-item__rating-container"><button type="button" data-auto-id="linkProductRating" class="asda-link asda-link--primary asda-link--button co-product__rating" aria-disabled="false" aria-label="3.86 stars out of 5 based on 50+ reviews, you will be taken to the reviews on clicking this" data-di-id="di-id-f9fe053c-665ea5f8"><div class="rating-stars"><div style="width: 77.2%;" class="rating-stars__stars rating-stars__stars--top" aria-hidden="true"><span aria-hidden="true">★</span><span aria-hidden="true">★</span><span aria-hidden="true">★</span><span aria-hidden="true">★</span><span aria-hidden="true">★</span></div><div class="rating-stars__stars rating-stars__stars--bottom" aria-hidden="true"><span aria-hidden="true">☆</span><span aria-hidden="true">☆</span><span aria-hidden="true">☆</span><span aria-hidden="true">☆</span><span aria-hidden="true">☆</span></div></div><span class="co-product__review-count" aria-hidden="true">(50+)</span></button></div><div class="co-item__bundled-item-count-container"></div><div class="co-item__promo-container co-item__promo-container--rest-in-shelf"></div><div class="label-container"><div><ul><div class="co-item__icon-list-container"><ul class="co-product__promo-icon-list co-item__promo-icon-list co-item__promo-icon-list--list-position"><li class="co-product__promo-icon-item"><div class="co-product__promo-icon-image-cntr"><button data-auto-id="btnPromo" type="button" class="asda-btn asda-btn--plain co-product__promo-icon-button" aria-label="show information on Frozen"><picture class="asda-image picture"><source srcset="https://ui.assets-asda.com/dm/_046_frozen?$Icon-wapp2x$="><img alt="Frozen" class="asda-img asda-image co-product__promo-icon-img" data-auto-id="" src="https://ui.assets-asda.com/dm/_046_frozen?$Icon-wapp2x$=" loading="lazy" title="Frozen"></picture></button></div></li></ul></div></ul></div></div></div><div class="co-item__col3 co-item__col3--rest-in-shelf"><div class="co-item__price-container co-item__price-container--rest-in-shelf"><span class="co-item__price-per-uom"><strong class="co-product__price"><span class="co-product__hidden-label"> now </span>£1.98</strong><p class="co-item__price-per-uom-msg"><span class="co-product__price-per-uom">(£8.84/kg)</span></p></span></div><div class="co-item__quantity-container co-item__quantity-container--rest-in-shelf"><div class="co-item__quantity-container"><div class="quantity-button"><div class="add-button-with-tooltip"><div class="tooltip-wrapper"><button data-auto-id="btnAdd" type="button" class="asda-btn asda-btn--primary asda-btn--fluid add-button" aria-label="Add item Birds Eye 8 Crispy Batter Fish Fingers 224g to cart" data-di-id="di-id-bd5e14ce-b3d9e896">Add</button></div></div></div></div></div></div><div class="co-item__col4"><a class="asda-link asda-link--primary" data-auto-id="linkViewTheShelf" target="_self" href="/shelf/frozen-food/chicken-meat-fish/frozen-fish/fish-fingers-shapes/1215338621416-1215666947082-1215685961757-910001112636" data-di-id="di-id-5e510a12-5c954c41">View the shelf</a></div></div></div></li><li class=" co-item co-item--rest-in-shelf " style="order: 4;"><div><div class="co-product"><div class="co-item__col1 co-item__col1--rest-in-shelf"><button type="button" data-auto-id="linkProductImage" class="asda-link asda-link--primary asda-link--button" aria-disabled="false"><div class="thumbnail__image-container co-product__image co-product__image--rest-in-shelf co-item__image"><picture class="asda-image picture"><source type="image/webp" srcset="https://ui.assets-asda.com/dm/asdagroceries/5055946000770?$ProdList2x$=&amp;fmt=webp"><img alt="MOWI Superior Scottish Salmon Fillets 230g" class="asda-img asda-image thumbnail__image" data-auto-id="" src="https://ui.assets-asda.com/dm/asdagroceries/5055946000770?$ProdList2x$=&amp;fmt=jpg" loading="lazy" title="MOWI Superior Scottish Salmon Fillets 230g"></picture></div></button><div class="co-item__items-container"><div class="co-item-fsl__favourites-image-container co-item__items" role="presentation" data-auto-id="favouritesAndShoppingList"><div class="context-wrapper"><button data-auto-id="" type="button" class="asda-btn asda-btn--plain asda-btn--icon co-item-fsl__favourites-button" aria-label="options for favourite shopping list" aria-expanded="false"><span role="img" data-auto-id="" class="asda-icon asda-icon--white asda-icon--regular asda-icon--rotate0 co-item-fsl__favourites-image co-item__items"><svg viewBox="0 0 35 23" xmlns="http://www.w3.org/2000/svg" xmlns:xlink="http://www.w3.org/1999/xlink" data-di-res-id="64d6bdd9-f2ad206c" data-di-rand="1750009195262"><defs><path id="asda_fav_list_1" d="M7.02 2C7 2.344 7 2.685 7 3h6c0-.315 0-.656-.02-1H18c1 0 2 .784 2 1.667v17.667C20 22.167 19 23 18 23H2c-1 0-2-.833-2-1.666V3.667C0 2.833 1 2 2 2h5.02zM12 2H8c0-1 1-2 2-2s2 1 2 2zM7 17v2h10v-2H7zm-4-5v2h2v-2H3zm0-5v2h2V7H3zm0 10v2h2v-2H3zm4-5v2h10v-2H7zm0-5v2h10V7H7z"></path><path id="asda_fav_list_2" d="M24 21c-1.818-1.8-10-7.65-10-12.6C14 5.7 15.818 3 19 3c2 0 4 .82 5 3.295C25 3.82 27 3 29 3c3.182 0 5 2.7 5 5.4 0 4.95-8.182 10.8-10 12.6z"></path></defs><g class="asda-icon__draw" fill="none" fill-rule="evenodd"><use fill="#3d3d3d" xlink:href="#asda_fav_list_1"></use><use class="asda-icon__draw" fill="#FFF" stroke="#3d3d3d" stroke-width="1.9" xlink:href="#asda_fav_list_2"></use></g></svg></span></button></div></div><div class="co-item__volume-container co-item__items"><span class="co-product__volume co-item__volume">230g      </span></div></div></div><div class="co-item__col2 co-item__col2--rest-in-shelf co-item__col2--sponsored co-item__col2--has-icon-list"><div class="co-item__title-container co-item__title-container--rest-in-shelf"><h3 class="co-product__title"><a class="co-product__anchor" data-auto-id="linkProductTitle" href="/product/salmon/mowi-superior-scottish-salmon-fillets-230-g/1000383155415" data-di-id="di-id-d90366b3-157f018e">MOWI Superior Scottish Salmon Fillets 230g</a></h3></div><div class="co-item__rating-container"><button type="button" data-auto-id="linkProductRating" class="asda-link asda-link--primary asda-link--button co-product__rating" aria-disabled="false" aria-label="4.05 stars out of 5 based on 50+ reviews, you will be taken to the reviews on clicking this" data-di-id="di-id-f9fe053c-665ea5f8"><div class="rating-stars"><div style="width: 81%;" class="rating-stars__stars rating-stars__stars--top" aria-hidden="true"><span aria-hidden="true">★</span><span aria-hidden="true">★</span><span aria-hidden="true">★</span><span aria-hidden="true">★</span><span aria-hidden="true">★</span></div><div class="rating-stars__stars rating-stars__stars--bottom" aria-hidden="true"><span aria-hidden="true">☆</span><span aria-hidden="true">☆</span><span aria-hidden="true">☆</span><span aria-hidden="true">☆</span><span aria-hidden="true">☆</span></div></div><span class="co-product__review-count" aria-hidden="true">(50+)</span></button></div><div class="co-item__bundled-item-count-container"></div><div class="co-item__promo-container co-item__promo-container--rest-in-shelf"><span data-auto-id="secondaryPromoBanner" class="co-product__promo co-product__promo--rollback co-product__promo--rest-in-shelf" title="Rollback"><span class="co-product__promo-text"><span role="img" data-auto-id="" class="asda-icon asda-icon--charcoal asda-icon--regular asda-icon--rotate0 asda-icon--brand"><svg viewBox="0 0 93 20" fill="none" xmlns="http://www.w3.org/2000/svg" data-di-res-id="dc6adabc-cf045faf" data-di-rand="1750009195263"><path d="M89.702 1.493V0H3.298v1.493A5.851 5.851 0 011.62 5.606C.508 6.732 0 8.333 0 9.966v.069c0 1.632.508 3.233 1.62 4.36a5.851 5.851 0 011.678 4.112V20h86.404v-1.493c0-1.538.597-3.018 1.677-4.113C92.492 13.268 93 11.667 93 10.034v-.069c0-1.632-.508-3.233-1.62-4.36a5.851 5.851 0 01-1.678-4.112z" fill="#FAED4A"></path><path d="M22.541 7.393c2.26 0 3.687 1.162 3.687 3.02 0 1.034-.424 1.852-1.162 2.357.778.937 1.323 2.187 1.547 3.557H24.04c-.208-1.025-.625-2.163-1.186-2.973h-1.09v2.973h-2.501V7.89a10.78 10.78 0 013.27-.497h.008zm-.008 4.095c.673 0 1.122-.441 1.122-1.074 0-.721-.352-1.026-1.05-1.026-.272 0-.577.04-.833.152v1.948h.761zm15.014-3.895h2.5v6.739h2.814v1.995h-5.306V7.593h-.008zm6.132 0h2.5v6.739h2.814v1.995h-5.306V7.593h-.008zm9.25-.2c2.132 0 3.35.85 3.35 2.396 0 .737-.336 1.346-1.09 1.763.962.288 1.516 1.097 1.516 1.987 0 1.747-1.227 2.796-3.463 2.796H49.81V7.89a9.626 9.626 0 013.118-.497zm.056 3.718c.633 0 1.122-.248 1.122-.898 0-.512-.328-.849-1.034-.849-.328 0-.577.048-.825.136v1.61h.737zm.12 3.245c.674 0 1.123-.24 1.123-.873 0-.497-.209-.834-1.034-.834h-.946v1.707h.857zm4.145-.2c0-1.931 1.515-2.893 4.697-2.997.176-.978-.249-1.77-.946-1.77s-1.122.488-1.25 1.37l-2.421-.498c.352-1.858 1.675-2.868 3.783-2.868 2.108 0 3.335 1.234 3.335 3.445v5.465h-2.501V15.27c-.497.834-1.25 1.258-2.245 1.258-1.426 0-2.444-1.001-2.444-2.371h-.008zm3.398.352c.81 0 1.283-.633 1.283-1.738v-.177c-1.37 0-2.108.449-2.108 1.17 0 .44.336.737.825.737v.008zm4.641-2.54c0-2.868 1.523-4.583 4.08-4.583 1.852 0 3.11 1.034 3.576 2.949l-2.445.609c-.153-.962-.553-1.483-1.139-1.483-.978 0-1.499.874-1.499 2.5 0 1.627.465 2.5 1.347 2.5.697 0 1.034-.408 1.339-1.634l2.22.849c-.489 1.899-1.7 2.86-3.583 2.86-2.42 0-3.896-1.722-3.896-4.559v-.008zm8.353-4.375h2.5v3.318l1.909-3.334H81l-2.758 4.19c1.034.746 2.325 2.67 2.637 4.56H78.18c-.425-1.594-1.339-2.868-2.036-3.373v3.373h-2.501V7.593zM14.268 6.2l.24-.378c.185-.56.041-1.41-.08-1.834l-2.091.528c.336 1.17.176 3.19-.337 4.88 1.74-.48 3.775-.256 5.026.176l.537-1.923c-.224-.096-1.37-.44-2.028-.248l-.064.272" fill="#00303C"></path><path d="M31.51 6.744c-4.176.73-6.276 6.17-1.947 8.221 1.57.697 3.55.032 4.729-1.242 1.267-1.306 1.403-3.157.721-4.784-1.523-3.621-5.987-4.535-9.659-4.463-3.92.048-7.831 1.475-10.693 4.143l-1.78-1.875C16.209 3.579 20.81 1.976 25.339 2c3.335-.008 7.094.697 9.667 3.117 1.804 1.675 2.854 4.183 2.47 6.675-.698 4.535-6.798 7.1-10.085 3.526-3.254-3.43-.336-8.702 4.12-8.582v.008z" fill="#00303C"></path><path d="M30.853 10.502c.112-.12.2-.273.256-.449.152-.52-.072-1.057-.505-1.186-.44-.128-.922.193-1.074.713a1.117 1.117 0 00-.024.537s.36-.056.713.04a1.8 1.8 0 01.634.345zm2.373.633c.112-.12.2-.272.256-.44.153-.522-.072-1.058-.505-1.187-.433-.128-.914.193-1.074.714-.056.184-.056.36-.024.536 0 0 .36-.056.713.04.353.097.634.345.634.345m.056 2.083c-1.387 1.13-3.671.778-4.489-.8-.248-.49-.32-1.019-.32-1.515l.553-.024c.112.8.545 1.538 1.33 1.754.618.2 1.523.024 1.916-.456l1.01 1.041z" fill="#00303C"></path></svg></span></span></span></div><div class="label-container"><div class="co-item__sponsored-label">Sponsored</div><div><ul><div class="co-item__icon-list-container"><ul class="co-product__promo-icon-list co-item__promo-icon-list co-item__promo-icon-list--list-position co-item__promo-icon-list--sponsored"><li class="co-product__promo-icon-item"><div class="co-product__promo-icon-image-cntr"><button data-auto-id="btnPromo" type="button" class="asda-btn asda-btn--plain co-product__promo-icon-button" aria-label="show information on Great Taste of Scotland"><picture class="asda-image picture"><source srcset="https://ui.assets-asda.com/dm/_021_scottish?$Icon-wapp2x$="><img alt="Great Taste of Scotland" class="asda-img asda-image co-product__promo-icon-img" data-auto-id="" src="https://ui.assets-asda.com/dm/_021_scottish?$Icon-wapp2x$=" loading="lazy" title="Great Taste of Scotland"></picture></button></div></li></ul></div></ul></div></div></div><div class="co-item__col3 co-item__col3--rest-in-shelf co-item__col3--sponsored"><div class="co-item__price-container co-item__price-container--rest-in-shelf"><div><span class="co-product__was-price"><span class="co-product__hidden-label">was &nbsp;</span>£5.74</span><strong class="co-product__price"><span class="co-product__hidden-label"> now </span>£4.58</strong><p class="co-item__price-per-uom-msg"><span class="co-product__price-per-uom">(£19.91/kg)</span></p></div></div><div class="co-item__quantity-container co-item__quantity-container--rest-in-shelf"><div class="co-item__quantity-container"><div class="quantity-button"><div class="add-button-with-tooltip"><div class="tooltip-wrapper"><button data-auto-id="btnAdd" type="button" class="asda-btn asda-btn--primary asda-btn--fluid add-button" aria-label="Add item MOWI Superior Scottish Salmon Fillets 230g to cart" data-di-id="di-id-bd5e14ce-b3d9e896">Add</button></div></div></div></div></div></div><div class="co-item__col4"><a class="asda-link asda-link--primary" data-auto-id="linkViewTheShelf" target="_self" href="/aisle/meat-poultry-fish/fish-seafood/salmon/1215135760597-1215337195095-1215685901159" data-di-id="di-id-9404a7e0-69a8840c">View the shelf</a></div></div></div></li><li class=" co-item co-item--rest-in-shelf " style="order: 5;"><div><div class="co-product"><div class="co-item__col1 co-item__col1--rest-in-shelf"><button type="button" data-auto-id="linkProductImage" class="asda-link asda-link--primary asda-link--button" aria-disabled="false"><div class="thumbnail__image-container co-product__image co-product__image--rest-in-shelf co-item__image"><picture class="asda-image picture"><source type="image/webp" srcset="https://ui.assets-asda.com/dm/asdagroceries/5000205048475?$ProdList2x$=&amp;fmt=webp"><img alt="Young's 4 Fish Fillets in Golden Breadcrumb 600g" class="asda-img asda-image thumbnail__image" data-auto-id="" src="https://ui.assets-asda.com/dm/asdagroceries/5000205048475?$ProdList2x$=&amp;fmt=jpg" loading="lazy" title="Young's 4 Fish Fillets in Golden Breadcrumb 600g"></picture></div></button><div class="co-item__items-container"><div class="co-item-fsl__favourites-image-container co-item__items" role="presentation" data-auto-id="favouritesAndShoppingList"><div class="context-wrapper"><button data-auto-id="" type="button" class="asda-btn asda-btn--plain asda-btn--icon co-item-fsl__favourites-button" aria-label="options for favourite shopping list" aria-expanded="false"><span role="img" data-auto-id="" class="asda-icon asda-icon--white asda-icon--regular asda-icon--rotate0 co-item-fsl__favourites-image co-item__items"><svg viewBox="0 0 35 23" xmlns="http://www.w3.org/2000/svg" xmlns:xlink="http://www.w3.org/1999/xlink" data-di-res-id="dc6adabc-31d8830f" data-di-rand="1750009195263"><defs><path id="asda_fav_list_1" d="M7.02 2C7 2.344 7 2.685 7 3h6c0-.315 0-.656-.02-1H18c1 0 2 .784 2 1.667v17.667C20 22.167 19 23 18 23H2c-1 0-2-.833-2-1.666V3.667C0 2.833 1 2 2 2h5.02zM12 2H8c0-1 1-2 2-2s2 1 2 2zM7 17v2h10v-2H7zm-4-5v2h2v-2H3zm0-5v2h2V7H3zm0 10v2h2v-2H3zm4-5v2h10v-2H7zm0-5v2h10V7H7z"></path><path id="asda_fav_list_2" d="M24 21c-1.818-1.8-10-7.65-10-12.6C14 5.7 15.818 3 19 3c2 0 4 .82 5 3.295C25 3.82 27 3 29 3c3.182 0 5 2.7 5 5.4 0 4.95-8.182 10.8-10 12.6z"></path></defs><g class="asda-icon__draw" fill="none" fill-rule="evenodd"><use fill="#3d3d3d" xlink:href="#asda_fav_list_1"></use><use class="asda-icon__draw" fill="#FFF" stroke="#3d3d3d" stroke-width="1.9" xlink:href="#asda_fav_list_2"></use></g></svg></span></button></div></div><div class="co-item__volume-container co-item__items"><span class="co-product__volume co-item__volume">600g      </span></div></div></div><div class="co-item__col2 co-item__col2--rest-in-shelf co-item__col2--has-icon-list"><div class="co-item__title-container co-item__title-container--rest-in-shelf"><h3 class="co-product__title"><a class="co-product__anchor" data-auto-id="linkProductTitle" href="/product/breaded-fish-fishcakes/youngs-4-fish-fillets-in-golden-breadcrumb-600-g/1000200731351" data-di-id="di-id-b5f8ea5-c6e089f3">Young's 4 Fish Fillets in Golden Breadcrumb 600g</a></h3></div><div class="co-item__rating-container"><button type="button" data-auto-id="linkProductRating" class="asda-link asda-link--primary asda-link--button co-product__rating" aria-disabled="false" aria-label="3.57 stars out of 5 based on 50+ reviews, you will be taken to the reviews on clicking this" data-di-id="di-id-f9fe053c-665ea5f8"><div class="rating-stars"><div style="width: 71.4%;" class="rating-stars__stars rating-stars__stars--top" aria-hidden="true"><span aria-hidden="true">★</span><span aria-hidden="true">★</span><span aria-hidden="true">★</span><span aria-hidden="true">★</span><span aria-hidden="true">★</span></div><div class="rating-stars__stars rating-stars__stars--bottom" aria-hidden="true"><span aria-hidden="true">☆</span><span aria-hidden="true">☆</span><span aria-hidden="true">☆</span><span aria-hidden="true">☆</span><span aria-hidden="true">☆</span></div></div><span class="co-product__review-count" aria-hidden="true">(50+)</span></button></div><div class="co-item__bundled-item-count-container"></div><div class="co-item__promo-container co-item__promo-container--rest-in-shelf"></div><div class="label-container"><div><ul><div class="co-item__icon-list-container"><ul class="co-product__promo-icon-list co-item__promo-icon-list co-item__promo-icon-list--list-position"><li class="co-product__promo-icon-item"><div class="co-product__promo-icon-image-cntr"><button data-auto-id="btnPromo" type="button" class="asda-btn asda-btn--plain co-product__promo-icon-button" aria-label="show information on Typically fresh for 5 days"><picture class="asda-image picture"><source srcset="https://ui.assets-asda.com/dm/produce-5-days-icon?$Icon-wapp2x$="><img alt="Typically fresh for 5 days" class="asda-img asda-image co-product__promo-icon-img" data-auto-id="" src="https://ui.assets-asda.com/dm/produce-5-days-icon?$Icon-wapp2x$=" loading="lazy" title="Typically fresh for 5 days"></picture></button></div></li></ul></div></ul></div></div></div><div class="co-item__col3 co-item__col3--rest-in-shelf"><div class="co-item__price-container co-item__price-container--rest-in-shelf"><span class="co-item__price-per-uom"><strong class="co-product__price"><span class="co-product__hidden-label"> now </span>£4.43</strong><p class="co-item__price-per-uom-msg"><span class="co-product__price-per-uom">(£7.38/kg)</span></p></span></div><div class="co-item__quantity-container co-item__quantity-container--rest-in-shelf"><div class="co-item__quantity-container"><div class="quantity-button"><div class="add-button-with-tooltip"><div class="tooltip-wrapper"><button data-auto-id="btnAdd" type="button" class="asda-btn asda-btn--primary asda-btn--fluid add-button" aria-label="Add item Young's 4 Fish Fillets in Golden Breadcrumb 600g to cart" data-di-id="di-id-bd5e14ce-b3d9e896">Add</button></div></div></div></div></div></div><div class="co-item__col4"><a class="asda-link asda-link--primary" data-auto-id="linkViewTheShelf" target="_self" href="/aisle/meat-poultry-fish/fish-seafood/breaded-fish-fishcakes/1215135760597-1215337195095-1215685462261" data-di-id="di-id-b88f03a4-60fdf865">View the shelf</a></div></div></div></li><li class=" co-item co-item--rest-in-shelf " style="order: 6;"><div><div class="co-product"><div class="co-item__col1 co-item__col1--rest-in-shelf"><button type="button" data-auto-id="linkProductImage" class="asda-link asda-link--primary asda-link--button" aria-disabled="false"><div class="thumbnail__image-container co-product__image co-product__image--rest-in-shelf co-item__image"><picture class="asda-image picture"><source type="image/webp" srcset="https://ui.assets-asda.com/dm/asdagroceries/5055946001432?$ProdList2x$=&amp;fmt=webp"><img alt="MOWI Bistro Scottish Salmon with Lemon &amp; Herb Butter 240g" class="asda-img asda-image thumbnail__image" data-auto-id="" src="https://ui.assets-asda.com/dm/asdagroceries/5055946001432?$ProdList2x$=&amp;fmt=jpg" loading="lazy" title="MOWI Bistro Scottish Salmon with Lemon &amp; Herb Butter 240g"></picture></div></button><div class="co-item__items-container"><div class="co-item-fsl__favourites-image-container co-item__items" role="presentation" data-auto-id="favouritesAndShoppingList"><div class="context-wrapper"><button data-auto-id="" type="button" class="asda-btn asda-btn--plain asda-btn--icon co-item-fsl__favourites-button" aria-label="options for favourite shopping list" aria-expanded="false"><span role="img" data-auto-id="" class="asda-icon asda-icon--white asda-icon--regular asda-icon--rotate0 co-item-fsl__favourites-image co-item__items"><svg viewBox="0 0 35 23" xmlns="http://www.w3.org/2000/svg" xmlns:xlink="http://www.w3.org/1999/xlink" data-di-res-id="b3bd0326-bc6c8023" data-di-rand="1750009195263"><defs><path id="asda_fav_list_1" d="M7.02 2C7 2.344 7 2.685 7 3h6c0-.315 0-.656-.02-1H18c1 0 2 .784 2 1.667v17.667C20 22.167 19 23 18 23H2c-1 0-2-.833-2-1.666V3.667C0 2.833 1 2 2 2h5.02zM12 2H8c0-1 1-2 2-2s2 1 2 2zM7 17v2h10v-2H7zm-4-5v2h2v-2H3zm0-5v2h2V7H3zm0 10v2h2v-2H3zm4-5v2h10v-2H7zm0-5v2h10V7H7z"></path><path id="asda_fav_list_2" d="M24 21c-1.818-1.8-10-7.65-10-12.6C14 5.7 15.818 3 19 3c2 0 4 .82 5 3.295C25 3.82 27 3 29 3c3.182 0 5 2.7 5 5.4 0 4.95-8.182 10.8-10 12.6z"></path></defs><g class="asda-icon__draw" fill="none" fill-rule="evenodd"><use fill="#3d3d3d" xlink:href="#asda_fav_list_1"></use><use class="asda-icon__draw" fill="#FFF" stroke="#3d3d3d" stroke-width="1.9" xlink:href="#asda_fav_list_2"></use></g></svg></span></button></div></div><div class="co-item__volume-container co-item__items"><span class="co-product__volume co-item__volume">240g      </span></div></div></div><div class="co-item__col2 co-item__col2--rest-in-shelf co-item__col2--sponsored co-item__col2--has-icon-list"><div class="co-item__title-container co-item__title-container--rest-in-shelf"><h3 class="co-product__title"><a class="co-product__anchor" data-auto-id="linkProductTitle" href="/product/salmon/mowi-bistro-scottish-salmon-with-lemon-herb-butter-240-g/1000383220454" data-di-id="di-id-d9e87428-84a24f44">MOWI Bistro Scottish Salmon with Lemon &amp; Herb Butter 240g</a></h3></div><div class="co-item__rating-container"><button type="button" data-auto-id="linkProductRating" class="asda-link asda-link--primary asda-link--button co-product__rating" aria-disabled="false" aria-label="4.76 stars out of 5 based on 41 reviews, you will be taken to the reviews on clicking this" data-di-id="di-id-f9fe053c-a123788f"><div class="rating-stars"><div style="width: 95.2%;" class="rating-stars__stars rating-stars__stars--top" aria-hidden="true"><span aria-hidden="true">★</span><span aria-hidden="true">★</span><span aria-hidden="true">★</span><span aria-hidden="true">★</span><span aria-hidden="true">★</span></div><div class="rating-stars__stars rating-stars__stars--bottom" aria-hidden="true"><span aria-hidden="true">☆</span><span aria-hidden="true">☆</span><span aria-hidden="true">☆</span><span aria-hidden="true">☆</span><span aria-hidden="true">☆</span></div></div><span class="co-product__review-count" aria-hidden="true">(41)</span></button></div><div class="co-item__bundled-item-count-container"></div><div class="co-item__promo-container co-item__promo-container--rest-in-shelf"></div><div class="label-container"><div class="co-item__sponsored-label">Sponsored</div><div><ul><div class="co-item__icon-list-container"><ul class="co-product__promo-icon-list co-item__promo-icon-list co-item__promo-icon-list--list-position co-item__promo-icon-list--sponsored"><li class="co-product__promo-icon-item"><div class="co-product__promo-icon-image-cntr"><button data-auto-id="btnPromo" type="button" class="asda-btn asda-btn--plain co-product__promo-icon-button" aria-label="show information on Typically fresh for 6 days"><picture class="asda-image picture"><source srcset="https://ui.assets-asda.com/dm/produce-6-days-icon?$Icon-wapp2x$="><img alt="Typically fresh for 6 days" class="asda-img asda-image co-product__promo-icon-img" data-auto-id="" src="https://ui.assets-asda.com/dm/produce-6-days-icon?$Icon-wapp2x$=" loading="lazy" title="Typically fresh for 6 days"></picture></button></div></li><li class="co-product__promo-icon-item"><div class="co-product__promo-icon-image-cntr"><button data-auto-id="btnPromo" type="button" class="asda-btn asda-btn--plain co-product__promo-icon-button" aria-label="show information on Great Taste of Scotland"><picture class="asda-image picture"><source srcset="https://ui.assets-asda.com/dm/_021_scottish?$Icon-wapp2x$="><img alt="Great Taste of Scotland" class="asda-img asda-image co-product__promo-icon-img" data-auto-id="" src="https://ui.assets-asda.com/dm/_021_scottish?$Icon-wapp2x$=" loading="lazy" title="Great Taste of Scotland"></picture></button></div></li></ul></div></ul></div></div></div><div class="co-item__col3 co-item__col3--rest-in-shelf co-item__col3--sponsored"><div class="co-item__price-container co-item__price-container--rest-in-shelf"><span class="co-item__price-per-uom"><strong class="co-product__price"><span class="co-product__hidden-label"> now </span>£6.18</strong><p class="co-item__price-per-uom-msg"><span class="co-product__price-per-uom">(£25.75/kg)</span></p></span></div><div class="co-item__quantity-container co-item__quantity-container--rest-in-shelf"><div class="co-item__quantity-container"><div class="quantity-button"><div class="add-button-with-tooltip"><div class="tooltip-wrapper"><button data-auto-id="btnAdd" type="button" class="asda-btn asda-btn--primary asda-btn--fluid add-button" aria-label="Add item MOWI Bistro Scottish Salmon with Lemon &amp; Herb Butter 240g to cart" data-di-id="di-id-bd5e14ce-b3d9e896">Add</button></div></div></div></div></div></div><div class="co-item__col4"><a class="asda-link asda-link--primary" data-auto-id="linkViewTheShelf" target="_self" href="/aisle/meat-poultry-fish/fish-seafood/salmon/1215135760597-1215337195095-1215685901159" data-di-id="di-id-9404a7e0-69a8840c">View the shelf</a></div></div></div></li><li class=" co-item co-item--rest-in-shelf " style="order: 7;"><div><div class="co-product"><div class="co-item__col1 co-item__col1--rest-in-shelf"><button type="button" data-auto-id="linkProductImage" class="asda-link asda-link--primary asda-link--button" aria-disabled="false"><div class="thumbnail__image-container co-product__image co-product__image--rest-in-shelf co-item__image"><picture class="asda-image picture"><source type="image/webp" srcset="https://ui.assets-asda.com/dm/asdagroceries/5000205050508?$ProdList2x$=&amp;fmt=webp"><img alt="Young's 2 Paprika &amp; Pepper Extra Large Fish Fillets 300g" class="asda-img asda-image thumbnail__image" data-auto-id="" src="https://ui.assets-asda.com/dm/asdagroceries/5000205050508?$ProdList2x$=&amp;fmt=jpg" loading="lazy" title="Young's 2 Paprika &amp; Pepper Extra Large Fish Fillets 300g"></picture></div></button><div class="co-item__items-container"><div class="co-item-fsl__favourites-image-container co-item__items" role="presentation" data-auto-id="favouritesAndShoppingList"><div class="context-wrapper"><button data-auto-id="" type="button" class="asda-btn asda-btn--plain asda-btn--icon co-item-fsl__favourites-button" aria-label="options for favourite shopping list" aria-expanded="false"><span role="img" data-auto-id="" class="asda-icon asda-icon--white asda-icon--regular asda-icon--rotate0 co-item-fsl__favourites-image co-item__items"><svg viewBox="0 0 35 23" xmlns="http://www.w3.org/2000/svg" xmlns:xlink="http://www.w3.org/1999/xlink" data-di-res-id="41bde205-48897a5" data-di-rand="1750009195264"><defs><path id="asda_fav_list_1" d="M7.02 2C7 2.344 7 2.685 7 3h6c0-.315 0-.656-.02-1H18c1 0 2 .784 2 1.667v17.667C20 22.167 19 23 18 23H2c-1 0-2-.833-2-1.666V3.667C0 2.833 1 2 2 2h5.02zM12 2H8c0-1 1-2 2-2s2 1 2 2zM7 17v2h10v-2H7zm-4-5v2h2v-2H3zm0-5v2h2V7H3zm0 10v2h2v-2H3zm4-5v2h10v-2H7zm0-5v2h10V7H7z"></path><path id="asda_fav_list_2" d="M24 21c-1.818-1.8-10-7.65-10-12.6C14 5.7 15.818 3 19 3c2 0 4 .82 5 3.295C25 3.82 27 3 29 3c3.182 0 5 2.7 5 5.4 0 4.95-8.182 10.8-10 12.6z"></path></defs><g class="asda-icon__draw" fill="none" fill-rule="evenodd"><use fill="#3d3d3d" xlink:href="#asda_fav_list_1"></use><use class="asda-icon__draw" fill="#FFF" stroke="#3d3d3d" stroke-width="1.9" xlink:href="#asda_fav_list_2"></use></g></svg></span></button></div></div><div class="co-item__volume-container co-item__items"><span class="co-product__volume co-item__volume">300g      </span></div></div></div><div class="co-item__col2 co-item__col2--rest-in-shelf co-item__col2--has-icon-list"><div class="co-item__title-container co-item__title-container--rest-in-shelf"><h3 class="co-product__title"><a class="co-product__anchor" data-auto-id="linkProductTitle" href="/product/battered-breaded-fish/youngs-2-paprika-pepper-extra-large-fish-fillets-300-g/1000383267442" data-di-id="di-id-eba15298-9ca59b0">Young's 2 Paprika &amp; Pepper Extra Large Fish Fillets 300g</a></h3></div><div class="co-item__rating-container"><button type="button" data-auto-id="linkProductRating" class="asda-link asda-link--primary asda-link--button co-product__rating" aria-disabled="false" aria-label="5 stars out of 5 based on 1 reviews, you will be taken to the reviews on clicking this" data-di-id="di-id-1df4ef92-7586116a"><div class="rating-stars"><div style="width: 100%;" class="rating-stars__stars rating-stars__stars--top" aria-hidden="true"><span aria-hidden="true">★</span><span aria-hidden="true">★</span><span aria-hidden="true">★</span><span aria-hidden="true">★</span><span aria-hidden="true">★</span></div></div><span class="co-product__review-count" aria-hidden="true">(1)</span></button></div><div class="co-item__bundled-item-count-container"></div><div class="co-item__promo-container co-item__promo-container--rest-in-shelf"><span data-auto-id="secondaryPromoBanner" class="co-product__promo co-product__promo--rollback co-product__promo--rest-in-shelf" title="Rollback"><span class="co-product__promo-text"><span role="img" data-auto-id="" class="asda-icon asda-icon--charcoal asda-icon--regular asda-icon--rotate0 asda-icon--brand"><svg viewBox="0 0 93 20" fill="none" xmlns="http://www.w3.org/2000/svg" data-di-res-id="41bde205-3fcc94f7" data-di-rand="1750009195264"><path d="M89.702 1.493V0H3.298v1.493A5.851 5.851 0 011.62 5.606C.508 6.732 0 8.333 0 9.966v.069c0 1.632.508 3.233 1.62 4.36a5.851 5.851 0 011.678 4.112V20h86.404v-1.493c0-1.538.597-3.018 1.677-4.113C92.492 13.268 93 11.667 93 10.034v-.069c0-1.632-.508-3.233-1.62-4.36a5.851 5.851 0 01-1.678-4.112z" fill="#FAED4A"></path><path d="M22.541 7.393c2.26 0 3.687 1.162 3.687 3.02 0 1.034-.424 1.852-1.162 2.357.778.937 1.323 2.187 1.547 3.557H24.04c-.208-1.025-.625-2.163-1.186-2.973h-1.09v2.973h-2.501V7.89a10.78 10.78 0 013.27-.497h.008zm-.008 4.095c.673 0 1.122-.441 1.122-1.074 0-.721-.352-1.026-1.05-1.026-.272 0-.577.04-.833.152v1.948h.761zm15.014-3.895h2.5v6.739h2.814v1.995h-5.306V7.593h-.008zm6.132 0h2.5v6.739h2.814v1.995h-5.306V7.593h-.008zm9.25-.2c2.132 0 3.35.85 3.35 2.396 0 .737-.336 1.346-1.09 1.763.962.288 1.516 1.097 1.516 1.987 0 1.747-1.227 2.796-3.463 2.796H49.81V7.89a9.626 9.626 0 013.118-.497zm.056 3.718c.633 0 1.122-.248 1.122-.898 0-.512-.328-.849-1.034-.849-.328 0-.577.048-.825.136v1.61h.737zm.12 3.245c.674 0 1.123-.24 1.123-.873 0-.497-.209-.834-1.034-.834h-.946v1.707h.857zm4.145-.2c0-1.931 1.515-2.893 4.697-2.997.176-.978-.249-1.77-.946-1.77s-1.122.488-1.25 1.37l-2.421-.498c.352-1.858 1.675-2.868 3.783-2.868 2.108 0 3.335 1.234 3.335 3.445v5.465h-2.501V15.27c-.497.834-1.25 1.258-2.245 1.258-1.426 0-2.444-1.001-2.444-2.371h-.008zm3.398.352c.81 0 1.283-.633 1.283-1.738v-.177c-1.37 0-2.108.449-2.108 1.17 0 .44.336.737.825.737v.008zm4.641-2.54c0-2.868 1.523-4.583 4.08-4.583 1.852 0 3.11 1.034 3.576 2.949l-2.445.609c-.153-.962-.553-1.483-1.139-1.483-.978 0-1.499.874-1.499 2.5 0 1.627.465 2.5 1.347 2.5.697 0 1.034-.408 1.339-1.634l2.22.849c-.489 1.899-1.7 2.86-3.583 2.86-2.42 0-3.896-1.722-3.896-4.559v-.008zm8.353-4.375h2.5v3.318l1.909-3.334H81l-2.758 4.19c1.034.746 2.325 2.67 2.637 4.56H78.18c-.425-1.594-1.339-2.868-2.036-3.373v3.373h-2.501V7.593zM14.268 6.2l.24-.378c.185-.56.041-1.41-.08-1.834l-2.091.528c.336 1.17.176 3.19-.337 4.88 1.74-.48 3.775-.256 5.026.176l.537-1.923c-.224-.096-1.37-.44-2.028-.248l-.064.272" fill="#00303C"></path><path d="M31.51 6.744c-4.176.73-6.276 6.17-1.947 8.221 1.57.697 3.55.032 4.729-1.242 1.267-1.306 1.403-3.157.721-4.784-1.523-3.621-5.987-4.535-9.659-4.463-3.92.048-7.831 1.475-10.693 4.143l-1.78-1.875C16.209 3.579 20.81 1.976 25.339 2c3.335-.008 7.094.697 9.667 3.117 1.804 1.675 2.854 4.183 2.47 6.675-.698 4.535-6.798 7.1-10.085 3.526-3.254-3.43-.336-8.702 4.12-8.582v.008z" fill="#00303C"></path><path d="M30.853 10.502c.112-.12.2-.273.256-.449.152-.52-.072-1.057-.505-1.186-.44-.128-.922.193-1.074.713a1.117 1.117 0 00-.024.537s.36-.056.713.04a1.8 1.8 0 01.634.345zm2.373.633c.112-.12.2-.272.256-.44.153-.522-.072-1.058-.505-1.187-.433-.128-.914.193-1.074.714-.056.184-.056.36-.024.536 0 0 .36-.056.713.04.353.097.634.345.634.345m.056 2.083c-1.387 1.13-3.671.778-4.489-.8-.248-.49-.32-1.019-.32-1.515l.553-.024c.112.8.545 1.538 1.33 1.754.618.2 1.523.024 1.916-.456l1.01 1.041z" fill="#00303C"></path></svg></span></span></span></div><div class="label-container"><div><ul><div class="co-item__icon-list-container"><ul class="co-product__promo-icon-list co-item__promo-icon-list co-item__promo-icon-list--list-position"><li class="co-product__promo-icon-item"><div class="co-product__promo-icon-image-cntr"><button data-auto-id="btnPromo" type="button" class="asda-btn asda-btn--plain co-product__promo-icon-button" aria-label="show information on Frozen"><picture class="asda-image picture"><source srcset="https://ui.assets-asda.com/dm/_046_frozen?$Icon-wapp2x$="><img alt="Frozen" class="asda-img asda-image co-product__promo-icon-img" data-auto-id="" src="https://ui.assets-asda.com/dm/_046_frozen?$Icon-wapp2x$=" loading="lazy" title="Frozen"></picture></button></div></li></ul></div></ul></div></div></div><div class="co-item__col3 co-item__col3--rest-in-shelf"><div class="co-item__price-container co-item__price-container--rest-in-shelf"><div><span class="co-product__was-price"><span class="co-product__hidden-label">was &nbsp;</span>£3.98</span><strong class="co-product__price"><span class="co-product__hidden-label"> now </span>£1.98</strong><p class="co-item__price-per-uom-msg"><span class="co-product__price-per-uom">(£6.60/kg)</span></p></div></div><div class="co-item__quantity-container co-item__quantity-container--rest-in-shelf"><div class="co-item__quantity-container"><div class="quantity-button"><div class="add-button-with-tooltip"><div class="tooltip-wrapper"><button data-auto-id="btnAdd" type="button" class="asda-btn asda-btn--primary asda-btn--fluid add-button" aria-label="Add item Young's 2 Paprika &amp; Pepper Extra Large Fish Fillets 300g to cart" data-di-id="di-id-bd5e14ce-b3d9e896">Add</button></div></div></div></div></div></div><div class="co-item__col4"><a class="asda-link asda-link--primary" data-auto-id="linkViewTheShelf" target="_self" href="/shelf/frozen-food/chicken-meat-fish/frozen-fish/battered-breaded-fish/1215338621416-1215666947082-1215685961757-910000977050" data-di-id="di-id-85340ba2-5a4e7c17">View the shelf</a></div></div></div></li><li class=" co-item co-item--rest-in-shelf " style="order: 8;"><div><div class="co-product"><div class="co-item__col1 co-item__col1--rest-in-shelf"><button type="button" data-auto-id="linkProductImage" class="asda-link asda-link--primary asda-link--button" aria-disabled="false"><div class="thumbnail__image-container co-product__image co-product__image--rest-in-shelf co-item__image"><picture class="asda-image picture"><source type="image/webp" srcset="https://ui.assets-asda.com/dm/asdagroceries/5036820001342?$ProdList2x$=&amp;fmt=webp"><img alt="Leap Wild Smoked Sockeye Salmon 100g" class="asda-img asda-image thumbnail__image" data-auto-id="" src="https://ui.assets-asda.com/dm/asdagroceries/5036820001342?$ProdList2x$=&amp;fmt=jpg" loading="lazy" title="Leap Wild Smoked Sockeye Salmon 100g"></picture></div></button><div class="co-item__items-container"><div class="co-item-fsl__favourites-image-container co-item__items" role="presentation" data-auto-id="favouritesAndShoppingList"><div class="context-wrapper"><button data-auto-id="" type="button" class="asda-btn asda-btn--plain asda-btn--icon co-item-fsl__favourites-button" aria-label="options for favourite shopping list" aria-expanded="false"><span role="img" data-auto-id="" class="asda-icon asda-icon--white asda-icon--regular asda-icon--rotate0 co-item-fsl__favourites-image co-item__items"><svg viewBox="0 0 35 23" xmlns="http://www.w3.org/2000/svg" xmlns:xlink="http://www.w3.org/1999/xlink" data-di-res-id="41bde205-85d03846" data-di-rand="1750009195264"><defs><path id="asda_fav_list_1" d="M7.02 2C7 2.344 7 2.685 7 3h6c0-.315 0-.656-.02-1H18c1 0 2 .784 2 1.667v17.667C20 22.167 19 23 18 23H2c-1 0-2-.833-2-1.666V3.667C0 2.833 1 2 2 2h5.02zM12 2H8c0-1 1-2 2-2s2 1 2 2zM7 17v2h10v-2H7zm-4-5v2h2v-2H3zm0-5v2h2V7H3zm0 10v2h2v-2H3zm4-5v2h10v-2H7zm0-5v2h10V7H7z"></path><path id="asda_fav_list_2" d="M24 21c-1.818-1.8-10-7.65-10-12.6C14 5.7 15.818 3 19 3c2 0 4 .82 5 3.295C25 3.82 27 3 29 3c3.182 0 5 2.7 5 5.4 0 4.95-8.182 10.8-10 12.6z"></path></defs><g class="asda-icon__draw" fill="none" fill-rule="evenodd"><use fill="#3d3d3d" xlink:href="#asda_fav_list_1"></use><use class="asda-icon__draw" fill="#FFF" stroke="#3d3d3d" stroke-width="1.9" xlink:href="#asda_fav_list_2"></use></g></svg></span></button></div></div><div class="co-item__volume-container co-item__items"><span class="co-product__volume co-item__volume">100g      </span></div></div></div><div class="co-item__col2 co-item__col2--rest-in-shelf co-item__col2--sponsored co-item__col2--has-icon-list"><div class="co-item__title-container co-item__title-container--rest-in-shelf"><h3 class="co-product__title"><a class="co-product__anchor" data-auto-id="linkProductTitle" href="/product/smoked-salmon/leap-wild-smoked-sockeye-salmon-100-g/1000383228274" data-di-id="di-id-c3dae7b7-3e5a46ce">Leap Wild Smoked Sockeye Salmon 100g</a></h3></div><div class="co-item__rating-container"><button type="button" data-auto-id="linkProductRating" class="asda-link asda-link--primary asda-link--button co-product__rating" aria-disabled="false" aria-label="4.2 stars out of 5 based on 5 reviews, you will be taken to the reviews on clicking this" data-di-id="di-id-48b023cf-9b4cfd04"><div class="rating-stars"><div style="width: 84%;" class="rating-stars__stars rating-stars__stars--top" aria-hidden="true"><span aria-hidden="true">★</span><span aria-hidden="true">★</span><span aria-hidden="true">★</span><span aria-hidden="true">★</span><span aria-hidden="true">★</span></div><div class="rating-stars__stars rating-stars__stars--bottom" aria-hidden="true"><span aria-hidden="true">☆</span><span aria-hidden="true">☆</span><span aria-hidden="true">☆</span><span aria-hidden="true">☆</span><span aria-hidden="true">☆</span></div></div><span class="co-product__review-count" aria-hidden="true">(5)</span></button></div><div class="co-item__bundled-item-count-container"></div><div class="co-item__promo-container co-item__promo-container--rest-in-shelf"><span data-auto-id="secondaryPromoBanner" class="co-product__promo co-product__promo--rollback co-product__promo--rest-in-shelf" title="Rollback"><span class="co-product__promo-text"><span role="img" data-auto-id="" class="asda-icon asda-icon--charcoal asda-icon--regular asda-icon--rotate0 asda-icon--brand"><svg viewBox="0 0 93 20" fill="none" xmlns="http://www.w3.org/2000/svg" data-di-res-id="41bde205-e5cc4aca" data-di-rand="1750009195264"><path d="M89.702 1.493V0H3.298v1.493A5.851 5.851 0 011.62 5.606C.508 6.732 0 8.333 0 9.966v.069c0 1.632.508 3.233 1.62 4.36a5.851 5.851 0 011.678 4.112V20h86.404v-1.493c0-1.538.597-3.018 1.677-4.113C92.492 13.268 93 11.667 93 10.034v-.069c0-1.632-.508-3.233-1.62-4.36a5.851 5.851 0 01-1.678-4.112z" fill="#FAED4A"></path><path d="M22.541 7.393c2.26 0 3.687 1.162 3.687 3.02 0 1.034-.424 1.852-1.162 2.357.778.937 1.323 2.187 1.547 3.557H24.04c-.208-1.025-.625-2.163-1.186-2.973h-1.09v2.973h-2.501V7.89a10.78 10.78 0 013.27-.497h.008zm-.008 4.095c.673 0 1.122-.441 1.122-1.074 0-.721-.352-1.026-1.05-1.026-.272 0-.577.04-.833.152v1.948h.761zm15.014-3.895h2.5v6.739h2.814v1.995h-5.306V7.593h-.008zm6.132 0h2.5v6.739h2.814v1.995h-5.306V7.593h-.008zm9.25-.2c2.132 0 3.35.85 3.35 2.396 0 .737-.336 1.346-1.09 1.763.962.288 1.516 1.097 1.516 1.987 0 1.747-1.227 2.796-3.463 2.796H49.81V7.89a9.626 9.626 0 013.118-.497zm.056 3.718c.633 0 1.122-.248 1.122-.898 0-.512-.328-.849-1.034-.849-.328 0-.577.048-.825.136v1.61h.737zm.12 3.245c.674 0 1.123-.24 1.123-.873 0-.497-.209-.834-1.034-.834h-.946v1.707h.857zm4.145-.2c0-1.931 1.515-2.893 4.697-2.997.176-.978-.249-1.77-.946-1.77s-1.122.488-1.25 1.37l-2.421-.498c.352-1.858 1.675-2.868 3.783-2.868 2.108 0 3.335 1.234 3.335 3.445v5.465h-2.501V15.27c-.497.834-1.25 1.258-2.245 1.258-1.426 0-2.444-1.001-2.444-2.371h-.008zm3.398.352c.81 0 1.283-.633 1.283-1.738v-.177c-1.37 0-2.108.449-2.108 1.17 0 .44.336.737.825.737v.008zm4.641-2.54c0-2.868 1.523-4.583 4.08-4.583 1.852 0 3.11 1.034 3.576 2.949l-2.445.609c-.153-.962-.553-1.483-1.139-1.483-.978 0-1.499.874-1.499 2.5 0 1.627.465 2.5 1.347 2.5.697 0 1.034-.408 1.339-1.634l2.22.849c-.489 1.899-1.7 2.86-3.583 2.86-2.42 0-3.896-1.722-3.896-4.559v-.008zm8.353-4.375h2.5v3.318l1.909-3.334H81l-2.758 4.19c1.034.746 2.325 2.67 2.637 4.56H78.18c-.425-1.594-1.339-2.868-2.036-3.373v3.373h-2.501V7.593zM14.268 6.2l.24-.378c.185-.56.041-1.41-.08-1.834l-2.091.528c.336 1.17.176 3.19-.337 4.88 1.74-.48 3.775-.256 5.026.176l.537-1.923c-.224-.096-1.37-.44-2.028-.248l-.064.272" fill="#00303C"></path><path d="M31.51 6.744c-4.176.73-6.276 6.17-1.947 8.221 1.57.697 3.55.032 4.729-1.242 1.267-1.306 1.403-3.157.721-4.784-1.523-3.621-5.987-4.535-9.659-4.463-3.92.048-7.831 1.475-10.693 4.143l-1.78-1.875C16.209 3.579 20.81 1.976 25.339 2c3.335-.008 7.094.697 9.667 3.117 1.804 1.675 2.854 4.183 2.47 6.675-.698 4.535-6.798 7.1-10.085 3.526-3.254-3.43-.336-8.702 4.12-8.582v.008z" fill="#00303C"></path><path d="M30.853 10.502c.112-.12.2-.273.256-.449.152-.52-.072-1.057-.505-1.186-.44-.128-.922.193-1.074.713a1.117 1.117 0 00-.024.537s.36-.056.713.04a1.8 1.8 0 01.634.345zm2.373.633c.112-.12.2-.272.256-.44.153-.522-.072-1.058-.505-1.187-.433-.128-.914.193-1.074.714-.056.184-.056.36-.024.536 0 0 .36-.056.713.04.353.097.634.345.634.345m.056 2.083c-1.387 1.13-3.671.778-4.489-.8-.248-.49-.32-1.019-.32-1.515l.553-.024c.112.8.545 1.538 1.33 1.754.618.2 1.523.024 1.916-.456l1.01 1.041z" fill="#00303C"></path></svg></span></span></span></div><div class="label-container"><div class="co-item__sponsored-label">Sponsored</div><div><ul><div class="co-item__icon-list-container"><ul class="co-product__promo-icon-list co-item__promo-icon-list co-item__promo-icon-list--list-position co-item__promo-icon-list--sponsored"><li class="co-product__promo-icon-item"><div class="co-product__promo-icon-image-cntr"><button data-auto-id="btnPromo" type="button" class="asda-btn asda-btn--plain co-product__promo-icon-button" aria-label="show information on Typically fresh for 10 days"><picture class="asda-image picture"><source srcset="https://ui.assets-asda.com/dm/produce-10-days-icon?$Icon-wapp2x$="><img alt="Typically fresh for 10 days" class="asda-img asda-image co-product__promo-icon-img" data-auto-id="" src="https://ui.assets-asda.com/dm/produce-10-days-icon?$Icon-wapp2x$=" loading="lazy" title="Typically fresh for 10 days"></picture></button></div></li></ul></div></ul></div></div></div><div class="co-item__col3 co-item__col3--rest-in-shelf co-item__col3--sponsored"><div class="co-item__price-container co-item__price-container--rest-in-shelf"><div><span class="co-product__was-price"><span class="co-product__hidden-label">was &nbsp;</span>£7.98</span><strong class="co-product__price"><span class="co-product__hidden-label"> now </span>£5.98</strong><p class="co-item__price-per-uom-msg"><span class="co-product__price-per-uom">(£59.80/kg)</span></p></div></div><div class="co-item__quantity-container co-item__quantity-container--rest-in-shelf"><div class="co-item__quantity-container"><div class="quantity-button"><div class="add-button-with-tooltip"><div class="tooltip-wrapper"><button data-auto-id="btnAdd" type="button" class="asda-btn asda-btn--primary asda-btn--fluid add-button" aria-label="Add item Leap Wild Smoked Sockeye Salmon 100g to cart" data-di-id="di-id-bd5e14ce-b3d9e896">Add</button></div></div></div></div></div></div><div class="co-item__col4"><a class="asda-link asda-link--primary" data-auto-id="linkViewTheShelf" target="_self" href="/aisle/meat-poultry-fish/fish-seafood/smoked-salmon/1215135760597-1215337195095-1215685901160" data-di-id="di-id-6a68b9ae-20d64b25">View the shelf</a></div></div></div></li><li class=" co-item co-item--rest-in-shelf " style="order: 9;"><div><div class="co-product"><div class="co-item__col1 co-item__col1--rest-in-shelf"><button type="button" data-auto-id="linkProductImage" class="asda-link asda-link--primary asda-link--button" aria-disabled="false"><div class="thumbnail__image-container co-product__image co-product__image--rest-in-shelf co-item__image"><picture class="asda-image picture"><source type="image/webp" srcset="https://ui.assets-asda.com/dm/asdagroceries/5000205050492?$ProdList2x$=&amp;fmt=webp"><img alt="Young's 2 Garlic &amp; Herb Extra Large Fish Fillets 300g" class="asda-img asda-image thumbnail__image" data-auto-id="" src="https://ui.assets-asda.com/dm/asdagroceries/5000205050492?$ProdList2x$=&amp;fmt=jpg" loading="lazy" title="Young's 2 Garlic &amp; Herb Extra Large Fish Fillets 300g"></picture></div></button><div class="co-item__items-container"><div class="co-item-fsl__favourites-image-container co-item__items" role="presentation" data-auto-id="favouritesAndShoppingList"><div class="context-wrapper"><button data-auto-id="" type="button" class="asda-btn asda-btn--plain asda-btn--icon co-item-fsl__favourites-button" aria-label="options for favourite shopping list" aria-expanded="false"><span role="img" data-auto-id="" class="asda-icon asda-icon--white asda-icon--regular asda-icon--rotate0 co-item-fsl__favourites-image co-item__items"><svg viewBox="0 0 35 23" xmlns="http://www.w3.org/2000/svg" xmlns:xlink="http://www.w3.org/1999/xlink" data-di-res-id="41bde205-a913977a" data-di-rand="1750009195264"><defs><path id="asda_fav_list_1" d="M7.02 2C7 2.344 7 2.685 7 3h6c0-.315 0-.656-.02-1H18c1 0 2 .784 2 1.667v17.667C20 22.167 19 23 18 23H2c-1 0-2-.833-2-1.666V3.667C0 2.833 1 2 2 2h5.02zM12 2H8c0-1 1-2 2-2s2 1 2 2zM7 17v2h10v-2H7zm-4-5v2h2v-2H3zm0-5v2h2V7H3zm0 10v2h2v-2H3zm4-5v2h10v-2H7zm0-5v2h10V7H7z"></path><path id="asda_fav_list_2" d="M24 21c-1.818-1.8-10-7.65-10-12.6C14 5.7 15.818 3 19 3c2 0 4 .82 5 3.295C25 3.82 27 3 29 3c3.182 0 5 2.7 5 5.4 0 4.95-8.182 10.8-10 12.6z"></path></defs><g class="asda-icon__draw" fill="none" fill-rule="evenodd"><use fill="#3d3d3d" xlink:href="#asda_fav_list_1"></use><use class="asda-icon__draw" fill="#FFF" stroke="#3d3d3d" stroke-width="1.9" xlink:href="#asda_fav_list_2"></use></g></svg></span></button></div></div><div class="co-item__volume-container co-item__items"><span class="co-product__volume co-item__volume">300g      </span></div></div></div><div class="co-item__col2 co-item__col2--rest-in-shelf co-item__col2--has-icon-list"><div class="co-item__title-container co-item__title-container--rest-in-shelf"><h3 class="co-product__title"><a class="co-product__anchor" data-auto-id="linkProductTitle" href="/product/battered-breaded-fish/youngs-2-garlic-herb-extra-large-fish-fillets-300-g/1000383267230" data-di-id="di-id-a00ed786-d5a3aa0b">Young's 2 Garlic &amp; Herb Extra Large Fish Fillets 300g</a></h3></div><div class="co-item__rating-container"><button type="button" data-auto-id="linkProductRating" class="asda-link asda-link--primary asda-link--button co-product__rating" aria-disabled="false" aria-label="4.4 stars out of 5 based on 5 reviews, you will be taken to the reviews on clicking this" data-di-id="di-id-48b023cf-9b4cfd04"><div class="rating-stars"><div style="width: 88%;" class="rating-stars__stars rating-stars__stars--top" aria-hidden="true"><span aria-hidden="true">★</span><span aria-hidden="true">★</span><span aria-hidden="true">★</span><span aria-hidden="true">★</span><span aria-hidden="true">★</span></div><div class="rating-stars__stars rating-stars__stars--bottom" aria-hidden="true"><span aria-hidden="true">☆</span><span aria-hidden="true">☆</span><span aria-hidden="true">☆</span><span aria-hidden="true">☆</span><span aria-hidden="true">☆</span></div></div><span class="co-product__review-count" aria-hidden="true">(5)</span></button></div><div class="co-item__bundled-item-count-container"></div><div class="co-item__promo-container co-item__promo-container--rest-in-shelf"><span data-auto-id="secondaryPromoBanner" class="co-product__promo co-product__promo--rollback co-product__promo--rest-in-shelf" title="Rollback"><span class="co-product__promo-text"><span role="img" data-auto-id="" class="asda-icon asda-icon--charcoal asda-icon--regular asda-icon--rotate0 asda-icon--brand"><svg viewBox="0 0 93 20" fill="none" xmlns="http://www.w3.org/2000/svg" data-di-res-id="41bde205-a2cb157b" data-di-rand="1750009195264"><path d="M89.702 1.493V0H3.298v1.493A5.851 5.851 0 011.62 5.606C.508 6.732 0 8.333 0 9.966v.069c0 1.632.508 3.233 1.62 4.36a5.851 5.851 0 011.678 4.112V20h86.404v-1.493c0-1.538.597-3.018 1.677-4.113C92.492 13.268 93 11.667 93 10.034v-.069c0-1.632-.508-3.233-1.62-4.36a5.851 5.851 0 01-1.678-4.112z" fill="#FAED4A"></path><path d="M22.541 7.393c2.26 0 3.687 1.162 3.687 3.02 0 1.034-.424 1.852-1.162 2.357.778.937 1.323 2.187 1.547 3.557H24.04c-.208-1.025-.625-2.163-1.186-2.973h-1.09v2.973h-2.501V7.89a10.78 10.78 0 013.27-.497h.008zm-.008 4.095c.673 0 1.122-.441 1.122-1.074 0-.721-.352-1.026-1.05-1.026-.272 0-.577.04-.833.152v1.948h.761zm15.014-3.895h2.5v6.739h2.814v1.995h-5.306V7.593h-.008zm6.132 0h2.5v6.739h2.814v1.995h-5.306V7.593h-.008zm9.25-.2c2.132 0 3.35.85 3.35 2.396 0 .737-.336 1.346-1.09 1.763.962.288 1.516 1.097 1.516 1.987 0 1.747-1.227 2.796-3.463 2.796H49.81V7.89a9.626 9.626 0 013.118-.497zm.056 3.718c.633 0 1.122-.248 1.122-.898 0-.512-.328-.849-1.034-.849-.328 0-.577.048-.825.136v1.61h.737zm.12 3.245c.674 0 1.123-.24 1.123-.873 0-.497-.209-.834-1.034-.834h-.946v1.707h.857zm4.145-.2c0-1.931 1.515-2.893 4.697-2.997.176-.978-.249-1.77-.946-1.77s-1.122.488-1.25 1.37l-2.421-.498c.352-1.858 1.675-2.868 3.783-2.868 2.108 0 3.335 1.234 3.335 3.445v5.465h-2.501V15.27c-.497.834-1.25 1.258-2.245 1.258-1.426 0-2.444-1.001-2.444-2.371h-.008zm3.398.352c.81 0 1.283-.633 1.283-1.738v-.177c-1.37 0-2.108.449-2.108 1.17 0 .44.336.737.825.737v.008zm4.641-2.54c0-2.868 1.523-4.583 4.08-4.583 1.852 0 3.11 1.034 3.576 2.949l-2.445.609c-.153-.962-.553-1.483-1.139-1.483-.978 0-1.499.874-1.499 2.5 0 1.627.465 2.5 1.347 2.5.697 0 1.034-.408 1.339-1.634l2.22.849c-.489 1.899-1.7 2.86-3.583 2.86-2.42 0-3.896-1.722-3.896-4.559v-.008zm8.353-4.375h2.5v3.318l1.909-3.334H81l-2.758 4.19c1.034.746 2.325 2.67 2.637 4.56H78.18c-.425-1.594-1.339-2.868-2.036-3.373v3.373h-2.501V7.593zM14.268 6.2l.24-.378c.185-.56.041-1.41-.08-1.834l-2.091.528c.336 1.17.176 3.19-.337 4.88 1.74-.48 3.775-.256 5.026.176l.537-1.923c-.224-.096-1.37-.44-2.028-.248l-.064.272" fill="#00303C"></path><path d="M31.51 6.744c-4.176.73-6.276 6.17-1.947 8.221 1.57.697 3.55.032 4.729-1.242 1.267-1.306 1.403-3.157.721-4.784-1.523-3.621-5.987-4.535-9.659-4.463-3.92.048-7.831 1.475-10.693 4.143l-1.78-1.875C16.209 3.579 20.81 1.976 25.339 2c3.335-.008 7.094.697 9.667 3.117 1.804 1.675 2.854 4.183 2.47 6.675-.698 4.535-6.798 7.1-10.085 3.526-3.254-3.43-.336-8.702 4.12-8.582v.008z" fill="#00303C"></path><path d="M30.853 10.502c.112-.12.2-.273.256-.449.152-.52-.072-1.057-.505-1.186-.44-.128-.922.193-1.074.713a1.117 1.117 0 00-.024.537s.36-.056.713.04a1.8 1.8 0 01.634.345zm2.373.633c.112-.12.2-.272.256-.44.153-.522-.072-1.058-.505-1.187-.433-.128-.914.193-1.074.714-.056.184-.056.36-.024.536 0 0 .36-.056.713.04.353.097.634.345.634.345m.056 2.083c-1.387 1.13-3.671.778-4.489-.8-.248-.49-.32-1.019-.32-1.515l.553-.024c.112.8.545 1.538 1.33 1.754.618.2 1.523.024 1.916-.456l1.01 1.041z" fill="#00303C"></path></svg></span></span></span></div><div class="label-container"><div><ul><div class="co-item__icon-list-container"><ul class="co-product__promo-icon-list co-item__promo-icon-list co-item__promo-icon-list--list-position"><li class="co-product__promo-icon-item"><div class="co-product__promo-icon-image-cntr"><button data-auto-id="btnPromo" type="button" class="asda-btn asda-btn--plain co-product__promo-icon-button" aria-label="show information on Frozen"><picture class="asda-image picture"><source srcset="https://ui.assets-asda.com/dm/_046_frozen?$Icon-wapp2x$="><img alt="Frozen" class="asda-img asda-image co-product__promo-icon-img" data-auto-id="" src="https://ui.assets-asda.com/dm/_046_frozen?$Icon-wapp2x$=" loading="lazy" title="Frozen"></picture></button></div></li></ul></div></ul></div></div></div><div class="co-item__col3 co-item__col3--rest-in-shelf"><div class="co-item__price-container co-item__price-container--rest-in-shelf"><div><span class="co-product__was-price"><span class="co-product__hidden-label">was &nbsp;</span>£3.98</span><strong class="co-product__price"><span class="co-product__hidden-label"> now </span>£1.98</strong><p class="co-item__price-per-uom-msg"><span class="co-product__price-per-uom">(£6.60/kg)</span></p></div></div><div class="co-item__quantity-container co-item__quantity-container--rest-in-shelf"><div class="co-item__quantity-container"><div class="quantity-button"><div class="add-button-with-tooltip"><div class="tooltip-wrapper"><button data-auto-id="btnAdd" type="button" class="asda-btn asda-btn--primary asda-btn--fluid add-button" aria-label="Add item Young's 2 Garlic &amp; Herb Extra Large Fish Fillets 300g to cart" data-di-id="di-id-bd5e14ce-b3d9e896">Add</button></div></div></div></div></div></div><div class="co-item__col4"><a class="asda-link asda-link--primary" data-auto-id="linkViewTheShelf" target="_self" href="/shelf/frozen-food/chicken-meat-fish/frozen-fish/battered-breaded-fish/1215338621416-1215666947082-1215685961757-910000977050" data-di-id="di-id-85340ba2-5a4e7c17">View the shelf</a></div></div></div></li><li class=" co-item co-item--rest-in-shelf " style="order: 10;"><div><div class="co-product"><div class="co-item__col1 co-item__col1--rest-in-shelf"><button type="button" data-auto-id="linkProductImage" class="asda-link asda-link--primary asda-link--button" aria-disabled="false"><div class="thumbnail__image-container co-product__image co-product__image--rest-in-shelf co-item__image"><picture class="asda-image picture"><source type="image/webp" srcset="https://ui.assets-asda.com/dm/asdagroceries/5000205046983?$ProdList2x$=&amp;fmt=webp"><img alt="Young's Gastro 2 Tempura Battered Crispy Lemon &amp; Herb Basa Fillets" class="asda-img asda-image thumbnail__image" data-auto-id="" src="https://ui.assets-asda.com/dm/asdagroceries/5000205046983?$ProdList2x$=&amp;fmt=jpg" loading="lazy" title="Young's Gastro 2 Tempura Battered Crispy Lemon &amp; Herb Basa Fillets"></picture></div></button><div class="co-item__items-container"><div class="co-item-fsl__favourites-image-container co-item__items" role="presentation" data-auto-id="favouritesAndShoppingList"><div class="context-wrapper"><button data-auto-id="" type="button" class="asda-btn asda-btn--plain asda-btn--icon co-item-fsl__favourites-button" aria-label="options for favourite shopping list" aria-expanded="false"><span role="img" data-auto-id="" class="asda-icon asda-icon--white asda-icon--regular asda-icon--rotate0 co-item-fsl__favourites-image co-item__items"><svg viewBox="0 0 35 23" xmlns="http://www.w3.org/2000/svg" xmlns:xlink="http://www.w3.org/1999/xlink" data-di-res-id="41bde205-3ca671e1" data-di-rand="1750009195264"><defs><path id="asda_fav_list_1" d="M7.02 2C7 2.344 7 2.685 7 3h6c0-.315 0-.656-.02-1H18c1 0 2 .784 2 1.667v17.667C20 22.167 19 23 18 23H2c-1 0-2-.833-2-1.666V3.667C0 2.833 1 2 2 2h5.02zM12 2H8c0-1 1-2 2-2s2 1 2 2zM7 17v2h10v-2H7zm-4-5v2h2v-2H3zm0-5v2h2V7H3zm0 10v2h2v-2H3zm4-5v2h10v-2H7zm0-5v2h10V7H7z"></path><path id="asda_fav_list_2" d="M24 21c-1.818-1.8-10-7.65-10-12.6C14 5.7 15.818 3 19 3c2 0 4 .82 5 3.295C25 3.82 27 3 29 3c3.182 0 5 2.7 5 5.4 0 4.95-8.182 10.8-10 12.6z"></path></defs><g class="asda-icon__draw" fill="none" fill-rule="evenodd"><use fill="#3d3d3d" xlink:href="#asda_fav_list_1"></use><use class="asda-icon__draw" fill="#FFF" stroke="#3d3d3d" stroke-width="1.9" xlink:href="#asda_fav_list_2"></use></g></svg></span></button></div></div><div class="co-item__volume-container co-item__items"><span class="co-product__volume co-item__volume">310g      </span></div></div></div><div class="co-item__col2 co-item__col2--rest-in-shelf co-item__col2--has-icon-list"><div class="co-item__title-container co-item__title-container--rest-in-shelf"><h3 class="co-product__title"><a class="co-product__anchor" data-auto-id="linkProductTitle" href="/product/battered-breaded-fish/youngs-gastro-2-tempura-battered-crispy-lemon-herb-basa-fillets/1000042553966" data-di-id="di-id-70846482-8eff522d">Young's Gastro 2 Tempura Battered Crispy Lemon &amp; Herb Basa Fillets</a></h3></div><div class="co-item__rating-container"><button type="button" data-auto-id="linkProductRating" class="asda-link asda-link--primary asda-link--button co-product__rating" aria-disabled="false" aria-label="4.71 stars out of 5 based on 50+ reviews, you will be taken to the reviews on clicking this" data-di-id="di-id-f9fe053c-665ea5f8"><div class="rating-stars"><div style="width: 94.2%;" class="rating-stars__stars rating-stars__stars--top" aria-hidden="true"><span aria-hidden="true">★</span><span aria-hidden="true">★</span><span aria-hidden="true">★</span><span aria-hidden="true">★</span><span aria-hidden="true">★</span></div><div class="rating-stars__stars rating-stars__stars--bottom" aria-hidden="true"><span aria-hidden="true">☆</span><span aria-hidden="true">☆</span><span aria-hidden="true">☆</span><span aria-hidden="true">☆</span><span aria-hidden="true">☆</span></div></div><span class="co-product__review-count" aria-hidden="true">(50+)</span></button></div><div class="co-item__bundled-item-count-container"></div><div class="co-item__promo-container co-item__promo-container--rest-in-shelf"><span data-auto-id="secondaryPromoBanner" class="co-product__promo co-product__promo--staying-back co-product__promo--rest-in-shelf" title="Asda Price"><span class="co-product__promo-text"><span role="img" data-auto-id="" class="asda-icon asda-icon--charcoal asda-icon--regular asda-icon--rotate0 asda-icon--brand"><svg xmlns="http://www.w3.org/2000/svg" viewBox="0 0 103 20" fill="none" data-di-res-id="f9018560-5e51a51b" data-di-rand="1750009195265"><path d="M99.347 1.493V0H3.653v1.493c0 1.538-.662 3.018-1.858 4.113C.563 6.732 0 8.333 0 9.966v.069c0 1.632.563 3.233 1.795 4.36 1.196 1.094 1.858 2.574 1.858 4.112V20h95.694v-1.493c0-1.538.662-3.018 1.858-4.113 1.232-1.126 1.795-2.727 1.795-4.36v-.069c0-1.632-.563-3.233-1.795-4.36-1.196-1.094-1.858-2.574-1.858-4.112z" fill="#79C300"></path><path d="M86.061 15.224c-2.66 0-4.326-2.03-4.326-5.25 0-3.052 1.792-4.998 4.592-4.998 2.618 0 4.172 1.68 4.172 4.508 0 .336-.028.714-.084 1.204h-5.768c.112 1.484.63 2.212 1.526 2.212.644 0 1.176-.518 1.372-1.372l2.492.91c-.588 1.722-2.002 2.786-3.976 2.786zM84.69 9.036h3.01c0-1.148-.504-1.82-1.358-1.82-.896 0-1.47.644-1.652 1.82zm-7.61 6.188c-2.716 0-4.368-1.932-4.368-5.11 0-3.22 1.708-5.138 4.578-5.138 2.072 0 3.486 1.162 4.004 3.304l-2.744.686c-.168-1.078-.616-1.666-1.274-1.666-1.092 0-1.68.98-1.68 2.8 0 1.848.518 2.8 1.512 2.8.784 0 1.162-.462 1.498-1.834l2.492.952c-.546 2.128-1.904 3.206-4.018 3.206zM68.96 15V5.2h2.8V15h-2.8zm-8.586-9.464c1.274-.392 2.45-.56 3.668-.56 2.534 0 4.13 1.302 4.13 3.388 0 1.162-.476 2.072-1.302 2.646.868 1.05 1.484 2.45 1.736 3.99h-2.884c-.238-1.148-.7-2.422-1.33-3.332h-1.218V15h-2.8V5.536zm2.8 4.032h.854c.756 0 1.26-.49 1.26-1.204 0-.812-.392-1.148-1.176-1.148-.308 0-.644.042-.938.168v2.184zM51.651 5.536c1.26-.378 2.436-.56 3.668-.56 2.534 0 4.13 1.302 4.13 3.388 0 1.988-1.484 3.304-3.738 3.304h-1.26V15h-2.8V5.536zm2.8 4.032h.854c.756 0 1.26-.49 1.26-1.204 0-.812-.392-1.148-1.176-1.148-.308 0-.63.042-.938.168v2.184zM38.732 15l3.08-9.8h3.22l3.08 9.8h-3.01l-.378-1.54H42.12L41.742 15h-3.01zm3.892-3.64h1.596l-.798-3.276-.798 3.276zM30.679 5.41c.812-.21 2.128-.434 3.262-.434 3.304 0 5.082 1.652 5.082 5.124 0 2.912-2.016 4.9-4.984 4.9h-3.36V5.41zm2.8 7.35h.574c1.274 0 2.086-1.036 2.086-2.8 0-2.016-.602-2.744-1.806-2.744-.308 0-.56.042-.854.126v5.418zm-7.706 2.464c-1.96 0-3.373-.966-4.087-2.786l2.463-.91c.267.882.883 1.372 1.723 1.372.587 0 .951-.294.951-.742 0-.49-.322-.672-1.918-1.064l-.392-.098c-1.456-.364-2.38-1.47-2.38-2.828 0-1.974 1.428-3.192 3.725-3.192 2.127 0 3.43 1.008 3.808 2.814l-2.646.658c-.183-.854-.546-1.148-1.134-1.148-.532 0-.896.294-.896.728s.336.686 1.091.826l.309.056c2.253.406 3.29 1.386 3.29 3.094 0 1.974-1.512 3.22-3.907 3.22zM12.291 15l3.08-9.8h3.22l3.08 9.8h-3.01l-.378-1.54h-2.604L15.301 15h-3.01zm3.892-3.64h1.596l-.798-3.276-.798 3.276z" fill="#00303C"></path></svg></span></span></span></div><div class="label-container"><div><ul><div class="co-item__icon-list-container"><ul class="co-product__promo-icon-list co-item__promo-icon-list co-item__promo-icon-list--list-position"><li class="co-product__promo-icon-item"><div class="co-product__promo-icon-image-cntr"><button data-auto-id="btnPromo" type="button" class="asda-btn asda-btn--plain co-product__promo-icon-button" aria-label="show information on Frozen"><picture class="asda-image picture"><source srcset="https://ui.assets-asda.com/dm/_046_frozen?$Icon-wapp2x$="><img alt="Frozen" class="asda-img asda-image co-product__promo-icon-img" data-auto-id="" src="https://ui.assets-asda.com/dm/_046_frozen?$Icon-wapp2x$=" loading="lazy" title="Frozen"></picture></button></div></li></ul></div></ul></div></div></div><div class="co-item__col3 co-item__col3--rest-in-shelf"><div class="co-item__price-container co-item__price-container--rest-in-shelf"><div><strong class="co-product__price"><span class="co-product__hidden-label"> now </span>£3.32</strong><p class="co-item__price-per-uom-msg"><span class="co-product__price-per-uom">(£10.71/kg)</span></p></div></div><div class="co-item__quantity-container co-item__quantity-container--rest-in-shelf"><div class="co-item__quantity-container"><div class="quantity-button"><div class="add-button-with-tooltip"><div class="tooltip-wrapper"><button data-auto-id="btnAdd" type="button" class="asda-btn asda-btn--primary asda-btn--fluid add-button" aria-label="Add item Young's Gastro 2 Tempura Battered Crispy Lemon &amp; Herb Basa Fillets to cart" data-di-id="di-id-bd5e14ce-b3d9e896">Add</button></div></div></div></div></div></div><div class="co-item__col4"><a class="asda-link asda-link--primary" data-auto-id="linkViewTheShelf" target="_self" href="/shelf/frozen-food/chicken-meat-fish/frozen-fish/battered-breaded-fish/1215338621416-1215666947082-1215685961757-910000977050" data-di-id="di-id-85340ba2-5a4e7c17">View the shelf</a></div></div></div></li><li class=" co-item co-item--rest-in-shelf " style="order: 11;"><div><div class="co-product"><div class="co-item__col1 co-item__col1--rest-in-shelf"><button type="button" data-auto-id="linkProductImage" class="asda-link asda-link--primary asda-link--button" aria-disabled="false"><div class="thumbnail__image-container co-product__image co-product__image--rest-in-shelf co-item__image"><picture class="asda-image picture"><source type="image/webp" srcset="https://ui.assets-asda.com/dm/asdagroceries/5055946001425?$ProdList2x$=&amp;fmt=webp"><img alt="MOWI Ready to Eat Garlic &amp; Rosemary Scottish Salmon Fillets 180g" class="asda-img asda-image thumbnail__image" data-auto-id="" src="https://ui.assets-asda.com/dm/asdagroceries/5055946001425?$ProdList2x$=&amp;fmt=jpg" loading="lazy" title="MOWI Ready to Eat Garlic &amp; Rosemary Scottish Salmon Fillets 180g"></picture></div></button><div class="co-item__items-container"><div class="co-item-fsl__favourites-image-container co-item__items" role="presentation" data-auto-id="favouritesAndShoppingList"><div class="context-wrapper"><button data-auto-id="" type="button" class="asda-btn asda-btn--plain asda-btn--icon co-item-fsl__favourites-button" aria-label="options for favourite shopping list" aria-expanded="false"><span role="img" data-auto-id="" class="asda-icon asda-icon--white asda-icon--regular asda-icon--rotate0 co-item-fsl__favourites-image co-item__items"><svg viewBox="0 0 35 23" xmlns="http://www.w3.org/2000/svg" xmlns:xlink="http://www.w3.org/1999/xlink" data-di-res-id="f9018560-ab9ecab1" data-di-rand="1750009195265"><defs><path id="asda_fav_list_1" d="M7.02 2C7 2.344 7 2.685 7 3h6c0-.315 0-.656-.02-1H18c1 0 2 .784 2 1.667v17.667C20 22.167 19 23 18 23H2c-1 0-2-.833-2-1.666V3.667C0 2.833 1 2 2 2h5.02zM12 2H8c0-1 1-2 2-2s2 1 2 2zM7 17v2h10v-2H7zm-4-5v2h2v-2H3zm0-5v2h2V7H3zm0 10v2h2v-2H3zm4-5v2h10v-2H7zm0-5v2h10V7H7z"></path><path id="asda_fav_list_2" d="M24 21c-1.818-1.8-10-7.65-10-12.6C14 5.7 15.818 3 19 3c2 0 4 .82 5 3.295C25 3.82 27 3 29 3c3.182 0 5 2.7 5 5.4 0 4.95-8.182 10.8-10 12.6z"></path></defs><g class="asda-icon__draw" fill="none" fill-rule="evenodd"><use fill="#3d3d3d" xlink:href="#asda_fav_list_1"></use><use class="asda-icon__draw" fill="#FFF" stroke="#3d3d3d" stroke-width="1.9" xlink:href="#asda_fav_list_2"></use></g></svg></span></button></div></div><div class="co-item__volume-container co-item__items"><span class="co-product__volume co-item__volume">180g      </span></div></div></div><div class="co-item__col2 co-item__col2--rest-in-shelf co-item__col2--has-icon-list"><div class="co-item__title-container co-item__title-container--rest-in-shelf"><h3 class="co-product__title"><a class="co-product__anchor" data-auto-id="linkProductTitle" href="/product/salmon/mowi-ready-to-eat-garlic-rosemary-scottish-salmon-fillets-180-g/1000383220463" data-di-id="di-id-8b3bf486-48e495ef">MOWI Ready to Eat Garlic &amp; Rosemary Scottish Salmon Fillets 180g</a></h3></div><div class="co-item__rating-container"><button type="button" data-auto-id="linkProductRating" class="asda-link asda-link--primary asda-link--button co-product__rating" aria-disabled="false" aria-label="4.73 stars out of 5 based on 33 reviews, you will be taken to the reviews on clicking this" data-di-id="di-id-f9fe053c-965a0c88"><div class="rating-stars"><div style="width: 94.6%;" class="rating-stars__stars rating-stars__stars--top" aria-hidden="true"><span aria-hidden="true">★</span><span aria-hidden="true">★</span><span aria-hidden="true">★</span><span aria-hidden="true">★</span><span aria-hidden="true">★</span></div><div class="rating-stars__stars rating-stars__stars--bottom" aria-hidden="true"><span aria-hidden="true">☆</span><span aria-hidden="true">☆</span><span aria-hidden="true">☆</span><span aria-hidden="true">☆</span><span aria-hidden="true">☆</span></div></div><span class="co-product__review-count" aria-hidden="true">(33)</span></button></div><div class="co-item__bundled-item-count-container"></div><div class="co-item__promo-container co-item__promo-container--rest-in-shelf"><span data-auto-id="secondaryPromoBanner" class="co-product__promo co-product__promo--rollback co-product__promo--rest-in-shelf" title="Rollback"><span class="co-product__promo-text"><span role="img" data-auto-id="" class="asda-icon asda-icon--charcoal asda-icon--regular asda-icon--rotate0 asda-icon--brand"><svg viewBox="0 0 93 20" fill="none" xmlns="http://www.w3.org/2000/svg" data-di-res-id="f9018560-a6741a06" data-di-rand="1750009195265"><path d="M89.702 1.493V0H3.298v1.493A5.851 5.851 0 011.62 5.606C.508 6.732 0 8.333 0 9.966v.069c0 1.632.508 3.233 1.62 4.36a5.851 5.851 0 011.678 4.112V20h86.404v-1.493c0-1.538.597-3.018 1.677-4.113C92.492 13.268 93 11.667 93 10.034v-.069c0-1.632-.508-3.233-1.62-4.36a5.851 5.851 0 01-1.678-4.112z" fill="#FAED4A"></path><path d="M22.541 7.393c2.26 0 3.687 1.162 3.687 3.02 0 1.034-.424 1.852-1.162 2.357.778.937 1.323 2.187 1.547 3.557H24.04c-.208-1.025-.625-2.163-1.186-2.973h-1.09v2.973h-2.501V7.89a10.78 10.78 0 013.27-.497h.008zm-.008 4.095c.673 0 1.122-.441 1.122-1.074 0-.721-.352-1.026-1.05-1.026-.272 0-.577.04-.833.152v1.948h.761zm15.014-3.895h2.5v6.739h2.814v1.995h-5.306V7.593h-.008zm6.132 0h2.5v6.739h2.814v1.995h-5.306V7.593h-.008zm9.25-.2c2.132 0 3.35.85 3.35 2.396 0 .737-.336 1.346-1.09 1.763.962.288 1.516 1.097 1.516 1.987 0 1.747-1.227 2.796-3.463 2.796H49.81V7.89a9.626 9.626 0 013.118-.497zm.056 3.718c.633 0 1.122-.248 1.122-.898 0-.512-.328-.849-1.034-.849-.328 0-.577.048-.825.136v1.61h.737zm.12 3.245c.674 0 1.123-.24 1.123-.873 0-.497-.209-.834-1.034-.834h-.946v1.707h.857zm4.145-.2c0-1.931 1.515-2.893 4.697-2.997.176-.978-.249-1.77-.946-1.77s-1.122.488-1.25 1.37l-2.421-.498c.352-1.858 1.675-2.868 3.783-2.868 2.108 0 3.335 1.234 3.335 3.445v5.465h-2.501V15.27c-.497.834-1.25 1.258-2.245 1.258-1.426 0-2.444-1.001-2.444-2.371h-.008zm3.398.352c.81 0 1.283-.633 1.283-1.738v-.177c-1.37 0-2.108.449-2.108 1.17 0 .44.336.737.825.737v.008zm4.641-2.54c0-2.868 1.523-4.583 4.08-4.583 1.852 0 3.11 1.034 3.576 2.949l-2.445.609c-.153-.962-.553-1.483-1.139-1.483-.978 0-1.499.874-1.499 2.5 0 1.627.465 2.5 1.347 2.5.697 0 1.034-.408 1.339-1.634l2.22.849c-.489 1.899-1.7 2.86-3.583 2.86-2.42 0-3.896-1.722-3.896-4.559v-.008zm8.353-4.375h2.5v3.318l1.909-3.334H81l-2.758 4.19c1.034.746 2.325 2.67 2.637 4.56H78.18c-.425-1.594-1.339-2.868-2.036-3.373v3.373h-2.501V7.593zM14.268 6.2l.24-.378c.185-.56.041-1.41-.08-1.834l-2.091.528c.336 1.17.176 3.19-.337 4.88 1.74-.48 3.775-.256 5.026.176l.537-1.923c-.224-.096-1.37-.44-2.028-.248l-.064.272" fill="#00303C"></path><path d="M31.51 6.744c-4.176.73-6.276 6.17-1.947 8.221 1.57.697 3.55.032 4.729-1.242 1.267-1.306 1.403-3.157.721-4.784-1.523-3.621-5.987-4.535-9.659-4.463-3.92.048-7.831 1.475-10.693 4.143l-1.78-1.875C16.209 3.579 20.81 1.976 25.339 2c3.335-.008 7.094.697 9.667 3.117 1.804 1.675 2.854 4.183 2.47 6.675-.698 4.535-6.798 7.1-10.085 3.526-3.254-3.43-.336-8.702 4.12-8.582v.008z" fill="#00303C"></path><path d="M30.853 10.502c.112-.12.2-.273.256-.449.152-.52-.072-1.057-.505-1.186-.44-.128-.922.193-1.074.713a1.117 1.117 0 00-.024.537s.36-.056.713.04a1.8 1.8 0 01.634.345zm2.373.633c.112-.12.2-.272.256-.44.153-.522-.072-1.058-.505-1.187-.433-.128-.914.193-1.074.714-.056.184-.056.36-.024.536 0 0 .36-.056.713.04.353.097.634.345.634.345m.056 2.083c-1.387 1.13-3.671.778-4.489-.8-.248-.49-.32-1.019-.32-1.515l.553-.024c.112.8.545 1.538 1.33 1.754.618.2 1.523.024 1.916-.456l1.01 1.041z" fill="#00303C"></path></svg></span></span></span></div><div class="label-container"><div><ul><div class="co-item__icon-list-container"><ul class="co-product__promo-icon-list co-item__promo-icon-list co-item__promo-icon-list--list-position"><li class="co-product__promo-icon-item"><div class="co-product__promo-icon-image-cntr"><button data-auto-id="btnPromo" type="button" class="asda-btn asda-btn--plain co-product__promo-icon-button" aria-label="show information on Typically fresh for 8 days"><picture class="asda-image picture"><source srcset="https://ui.assets-asda.com/dm/produce-8-days-icon?$Icon-wapp2x$="><img alt="Typically fresh for 8 days" class="asda-img asda-image co-product__promo-icon-img" data-auto-id="" src="https://ui.assets-asda.com/dm/produce-8-days-icon?$Icon-wapp2x$=" loading="lazy" title="Typically fresh for 8 days"></picture></button></div></li><li class="co-product__promo-icon-item"><div class="co-product__promo-icon-image-cntr"><button data-auto-id="btnPromo" type="button" class="asda-btn asda-btn--plain co-product__promo-icon-button" aria-label="show information on Great Taste of Scotland"><picture class="asda-image picture"><source srcset="https://ui.assets-asda.com/dm/_021_scottish?$Icon-wapp2x$="><img alt="Great Taste of Scotland" class="asda-img asda-image co-product__promo-icon-img" data-auto-id="" src="https://ui.assets-asda.com/dm/_021_scottish?$Icon-wapp2x$=" loading="lazy" title="Great Taste of Scotland"></picture></button></div></li></ul></div></ul></div></div></div><div class="co-item__col3 co-item__col3--rest-in-shelf"><div class="co-item__price-container co-item__price-container--rest-in-shelf"><div><span class="co-product__was-price"><span class="co-product__hidden-label">was &nbsp;</span>£5.40</span><strong class="co-product__price"><span class="co-product__hidden-label"> now </span>£4.86</strong><p class="co-item__price-per-uom-msg"><span class="co-product__price-per-uom">(£27.00/kg)</span></p></div></div><div class="co-item__quantity-container co-item__quantity-container--rest-in-shelf"><div class="co-item__quantity-container"><div class="quantity-button"><div class="add-button-with-tooltip"><div class="tooltip-wrapper"><button data-auto-id="btnAdd" type="button" class="asda-btn asda-btn--primary asda-btn--fluid add-button" aria-label="Add item MOWI Ready to Eat Garlic &amp; Rosemary Scottish Salmon Fillets 180g to cart" data-di-id="di-id-bd5e14ce-b3d9e896">Add</button></div></div></div></div></div></div><div class="co-item__col4"><a class="asda-link asda-link--primary" data-auto-id="linkViewTheShelf" target="_self" href="/aisle/meat-poultry-fish/fish-seafood/salmon/1215135760597-1215337195095-1215685901159" data-di-id="di-id-9404a7e0-69a8840c">View the shelf</a></div></div></div></li><li class=" co-item co-item--rest-in-shelf " style="order: 12;"><div><div class="co-product"><div class="co-item__col1 co-item__col1--rest-in-shelf"><button type="button" data-auto-id="linkProductImage" class="asda-link asda-link--primary asda-link--button" aria-disabled="false"><div class="thumbnail__image-container co-product__image co-product__image--rest-in-shelf co-item__image"><picture class="asda-image picture"><source type="image/webp" srcset="https://ui.assets-asda.com/dm/asdagroceries/5000116031498?$ProdList2x$=&amp;fmt=webp"><img alt="Birds Eye 4 Breaded Cod Fish Cakes 198g" class="asda-img asda-image thumbnail__image" data-auto-id="" src="https://ui.assets-asda.com/dm/asdagroceries/5000116031498?$ProdList2x$=&amp;fmt=jpg" loading="lazy" title="Birds Eye 4 Breaded Cod Fish Cakes 198g"></picture></div></button><div class="co-item__items-container"><div class="co-item-fsl__favourites-image-container co-item__items" role="presentation" data-auto-id="favouritesAndShoppingList"><div class="context-wrapper"><button data-auto-id="" type="button" class="asda-btn asda-btn--plain asda-btn--icon co-item-fsl__favourites-button" aria-label="options for favourite shopping list" aria-expanded="false"><span role="img" data-auto-id="" class="asda-icon asda-icon--white asda-icon--regular asda-icon--rotate0 co-item-fsl__favourites-image co-item__items"><svg viewBox="0 0 35 23" xmlns="http://www.w3.org/2000/svg" xmlns:xlink="http://www.w3.org/1999/xlink" data-di-res-id="f9018560-84c19d51" data-di-rand="1750009195265"><defs><path id="asda_fav_list_1" d="M7.02 2C7 2.344 7 2.685 7 3h6c0-.315 0-.656-.02-1H18c1 0 2 .784 2 1.667v17.667C20 22.167 19 23 18 23H2c-1 0-2-.833-2-1.666V3.667C0 2.833 1 2 2 2h5.02zM12 2H8c0-1 1-2 2-2s2 1 2 2zM7 17v2h10v-2H7zm-4-5v2h2v-2H3zm0-5v2h2V7H3zm0 10v2h2v-2H3zm4-5v2h10v-2H7zm0-5v2h10V7H7z"></path><path id="asda_fav_list_2" d="M24 21c-1.818-1.8-10-7.65-10-12.6C14 5.7 15.818 3 19 3c2 0 4 .82 5 3.295C25 3.82 27 3 29 3c3.182 0 5 2.7 5 5.4 0 4.95-8.182 10.8-10 12.6z"></path></defs><g class="asda-icon__draw" fill="none" fill-rule="evenodd"><use fill="#3d3d3d" xlink:href="#asda_fav_list_1"></use><use class="asda-icon__draw" fill="#FFF" stroke="#3d3d3d" stroke-width="1.9" xlink:href="#asda_fav_list_2"></use></g></svg></span></button></div></div><div class="co-item__volume-container co-item__items"><span class="co-product__volume co-item__volume">198g      </span></div></div></div><div class="co-item__col2 co-item__col2--rest-in-shelf co-item__col2--has-icon-list"><div class="co-item__title-container co-item__title-container--rest-in-shelf"><h3 class="co-product__title"><a class="co-product__anchor" data-auto-id="linkProductTitle" href="/product/fishcakes/birds-eye-4-breaded-cod-fish-cakes-198-g/22663" data-di-id="di-id-fab5787d-eaf007b8">Birds Eye 4 Breaded Cod Fish Cakes 198g</a></h3></div><div class="co-item__rating-container"><button type="button" data-auto-id="linkProductRating" class="asda-link asda-link--primary asda-link--button co-product__rating" aria-disabled="false" aria-label="3.58 stars out of 5 based on 50+ reviews, you will be taken to the reviews on clicking this" data-di-id="di-id-f9fe053c-665ea5f8"><div class="rating-stars"><div style="width: 71.6%;" class="rating-stars__stars rating-stars__stars--top" aria-hidden="true"><span aria-hidden="true">★</span><span aria-hidden="true">★</span><span aria-hidden="true">★</span><span aria-hidden="true">★</span><span aria-hidden="true">★</span></div><div class="rating-stars__stars rating-stars__stars--bottom" aria-hidden="true"><span aria-hidden="true">☆</span><span aria-hidden="true">☆</span><span aria-hidden="true">☆</span><span aria-hidden="true">☆</span><span aria-hidden="true">☆</span></div></div><span class="co-product__review-count" aria-hidden="true">(50+)</span></button></div><div class="co-item__bundled-item-count-container"></div><div class="co-item__promo-container co-item__promo-container--rest-in-shelf"></div><div class="label-container"><div><ul><div class="co-item__icon-list-container"><ul class="co-product__promo-icon-list co-item__promo-icon-list co-item__promo-icon-list--list-position"><li class="co-product__promo-icon-item"><div class="co-product__promo-icon-image-cntr"><button data-auto-id="btnPromo" type="button" class="asda-btn asda-btn--plain co-product__promo-icon-button" aria-label="show information on Frozen"><picture class="asda-image picture"><source srcset="https://ui.assets-asda.com/dm/_046_frozen?$Icon-wapp2x$="><img alt="Frozen" class="asda-img asda-image co-product__promo-icon-img" data-auto-id="" src="https://ui.assets-asda.com/dm/_046_frozen?$Icon-wapp2x$=" loading="lazy" title="Frozen"></picture></button></div></li></ul></div></ul></div></div></div><div class="co-item__col3 co-item__col3--rest-in-shelf"><div class="co-item__price-container co-item__price-container--rest-in-shelf"><span class="co-item__price-per-uom"><strong class="co-product__price"><span class="co-product__hidden-label"> now </span>£1.60</strong><p class="co-item__price-per-uom-msg"><span class="co-product__price-per-uom">(£8.08/kg)</span></p></span></div><div class="co-item__quantity-container co-item__quantity-container--rest-in-shelf"><div class="co-item__quantity-container"><div class="quantity-button"><div class="add-button-with-tooltip"><div class="tooltip-wrapper"><button data-auto-id="btnAdd" type="button" class="asda-btn asda-btn--primary asda-btn--fluid add-button" aria-label="Add item Birds Eye 4 Breaded Cod Fish Cakes 198g to cart" data-di-id="di-id-bd5e14ce-b3d9e896">Add</button></div></div></div></div></div></div><div class="co-item__col4"><a class="asda-link asda-link--primary" data-auto-id="linkViewTheShelf" target="_self" href="/shelf/frozen-food/chicken-meat-fish/frozen-fish/fishcakes/1215338621416-1215666947082-1215685961757-910001112675" data-di-id="di-id-e6b55506-2191b831">View the shelf</a></div></div></div></li><li class=" co-item co-item--rest-in-shelf " style="order: 13;"><div><div class="co-product"><div class="co-item__col1 co-item__col1--rest-in-shelf"><button type="button" data-auto-id="linkProductImage" class="asda-link asda-link--primary asda-link--button" aria-disabled="false"><div class="thumbnail__image-container co-product__image co-product__image--rest-in-shelf co-item__image"><picture class="asda-image picture"><source type="image/webp" srcset="https://ui.assets-asda.com/dm/asdagroceries/5063089118382?$ProdList2x$=&amp;fmt=webp"><img alt="ASDA Tender 2 Sea Bream Fillets 180g" class="asda-img asda-image thumbnail__image" data-auto-id="" src="https://ui.assets-asda.com/dm/asdagroceries/5063089118382?$ProdList2x$=&amp;fmt=jpg" loading="lazy" title="ASDA Tender 2 Sea Bream Fillets 180g"></picture></div></button><div class="co-item__items-container"><div class="co-item-fsl__favourites-image-container co-item__items" role="presentation" data-auto-id="favouritesAndShoppingList"><div class="context-wrapper"><button data-auto-id="" type="button" class="asda-btn asda-btn--plain asda-btn--icon co-item-fsl__favourites-button" aria-label="options for favourite shopping list" aria-expanded="false"><span role="img" data-auto-id="" class="asda-icon asda-icon--white asda-icon--regular asda-icon--rotate0 co-item-fsl__favourites-image co-item__items"><svg viewBox="0 0 35 23" xmlns="http://www.w3.org/2000/svg" xmlns:xlink="http://www.w3.org/1999/xlink" data-di-res-id="b990bffc-6a43a55b" data-di-rand="1750009195265"><defs><path id="asda_fav_list_1" d="M7.02 2C7 2.344 7 2.685 7 3h6c0-.315 0-.656-.02-1H18c1 0 2 .784 2 1.667v17.667C20 22.167 19 23 18 23H2c-1 0-2-.833-2-1.666V3.667C0 2.833 1 2 2 2h5.02zM12 2H8c0-1 1-2 2-2s2 1 2 2zM7 17v2h10v-2H7zm-4-5v2h2v-2H3zm0-5v2h2V7H3zm0 10v2h2v-2H3zm4-5v2h10v-2H7zm0-5v2h10V7H7z"></path><path id="asda_fav_list_2" d="M24 21c-1.818-1.8-10-7.65-10-12.6C14 5.7 15.818 3 19 3c2 0 4 .82 5 3.295C25 3.82 27 3 29 3c3.182 0 5 2.7 5 5.4 0 4.95-8.182 10.8-10 12.6z"></path></defs><g class="asda-icon__draw" fill="none" fill-rule="evenodd"><use fill="#3d3d3d" xlink:href="#asda_fav_list_1"></use><use class="asda-icon__draw" fill="#FFF" stroke="#3d3d3d" stroke-width="1.9" xlink:href="#asda_fav_list_2"></use></g></svg></span></button></div></div><div class="co-item__volume-container co-item__items"><span class="co-product__volume co-item__volume">180g      </span></div></div></div><div class="co-item__col2 co-item__col2--rest-in-shelf co-item__col2--has-icon-list"><div class="co-item__title-container co-item__title-container--rest-in-shelf"><h3 class="co-product__title"><a class="co-product__anchor" data-auto-id="linkProductTitle" href="/product/cod-haddock-white-fish/asda-tender-2-sea-bream-fillets-180-g/1000383158535" data-di-id="di-id-25607fb2-b3f8b5a8">ASDA Tender 2 Sea Bream Fillets 180g</a></h3></div><div class="co-item__rating-container"><button type="button" data-auto-id="linkProductRating" class="asda-link asda-link--primary asda-link--button co-product__rating" aria-disabled="false" aria-label="4.05 stars out of 5 based on 19 reviews, you will be taken to the reviews on clicking this" data-di-id="di-id-f9fe053c-6f31306c"><div class="rating-stars"><div style="width: 81%;" class="rating-stars__stars rating-stars__stars--top" aria-hidden="true"><span aria-hidden="true">★</span><span aria-hidden="true">★</span><span aria-hidden="true">★</span><span aria-hidden="true">★</span><span aria-hidden="true">★</span></div><div class="rating-stars__stars rating-stars__stars--bottom" aria-hidden="true"><span aria-hidden="true">☆</span><span aria-hidden="true">☆</span><span aria-hidden="true">☆</span><span aria-hidden="true">☆</span><span aria-hidden="true">☆</span></div></div><span class="co-product__review-count" aria-hidden="true">(19)</span></button></div><div class="co-item__bundled-item-count-container"></div><div class="co-item__promo-container co-item__promo-container--rest-in-shelf"><span data-auto-id="secondaryPromoBanner" class="co-product__promo co-product__promo--rollback co-product__promo--rest-in-shelf" title="Rollback"><span class="co-product__promo-text"><span role="img" data-auto-id="" class="asda-icon asda-icon--charcoal asda-icon--regular asda-icon--rotate0 asda-icon--brand"><svg viewBox="0 0 93 20" fill="none" xmlns="http://www.w3.org/2000/svg" data-di-res-id="f9018560-19eae76" data-di-rand="1750009195265"><path d="M89.702 1.493V0H3.298v1.493A5.851 5.851 0 011.62 5.606C.508 6.732 0 8.333 0 9.966v.069c0 1.632.508 3.233 1.62 4.36a5.851 5.851 0 011.678 4.112V20h86.404v-1.493c0-1.538.597-3.018 1.677-4.113C92.492 13.268 93 11.667 93 10.034v-.069c0-1.632-.508-3.233-1.62-4.36a5.851 5.851 0 01-1.678-4.112z" fill="#FAED4A"></path><path d="M22.541 7.393c2.26 0 3.687 1.162 3.687 3.02 0 1.034-.424 1.852-1.162 2.357.778.937 1.323 2.187 1.547 3.557H24.04c-.208-1.025-.625-2.163-1.186-2.973h-1.09v2.973h-2.501V7.89a10.78 10.78 0 013.27-.497h.008zm-.008 4.095c.673 0 1.122-.441 1.122-1.074 0-.721-.352-1.026-1.05-1.026-.272 0-.577.04-.833.152v1.948h.761zm15.014-3.895h2.5v6.739h2.814v1.995h-5.306V7.593h-.008zm6.132 0h2.5v6.739h2.814v1.995h-5.306V7.593h-.008zm9.25-.2c2.132 0 3.35.85 3.35 2.396 0 .737-.336 1.346-1.09 1.763.962.288 1.516 1.097 1.516 1.987 0 1.747-1.227 2.796-3.463 2.796H49.81V7.89a9.626 9.626 0 013.118-.497zm.056 3.718c.633 0 1.122-.248 1.122-.898 0-.512-.328-.849-1.034-.849-.328 0-.577.048-.825.136v1.61h.737zm.12 3.245c.674 0 1.123-.24 1.123-.873 0-.497-.209-.834-1.034-.834h-.946v1.707h.857zm4.145-.2c0-1.931 1.515-2.893 4.697-2.997.176-.978-.249-1.77-.946-1.77s-1.122.488-1.25 1.37l-2.421-.498c.352-1.858 1.675-2.868 3.783-2.868 2.108 0 3.335 1.234 3.335 3.445v5.465h-2.501V15.27c-.497.834-1.25 1.258-2.245 1.258-1.426 0-2.444-1.001-2.444-2.371h-.008zm3.398.352c.81 0 1.283-.633 1.283-1.738v-.177c-1.37 0-2.108.449-2.108 1.17 0 .44.336.737.825.737v.008zm4.641-2.54c0-2.868 1.523-4.583 4.08-4.583 1.852 0 3.11 1.034 3.576 2.949l-2.445.609c-.153-.962-.553-1.483-1.139-1.483-.978 0-1.499.874-1.499 2.5 0 1.627.465 2.5 1.347 2.5.697 0 1.034-.408 1.339-1.634l2.22.849c-.489 1.899-1.7 2.86-3.583 2.86-2.42 0-3.896-1.722-3.896-4.559v-.008zm8.353-4.375h2.5v3.318l1.909-3.334H81l-2.758 4.19c1.034.746 2.325 2.67 2.637 4.56H78.18c-.425-1.594-1.339-2.868-2.036-3.373v3.373h-2.501V7.593zM14.268 6.2l.24-.378c.185-.56.041-1.41-.08-1.834l-2.091.528c.336 1.17.176 3.19-.337 4.88 1.74-.48 3.775-.256 5.026.176l.537-1.923c-.224-.096-1.37-.44-2.028-.248l-.064.272" fill="#00303C"></path><path d="M31.51 6.744c-4.176.73-6.276 6.17-1.947 8.221 1.57.697 3.55.032 4.729-1.242 1.267-1.306 1.403-3.157.721-4.784-1.523-3.621-5.987-4.535-9.659-4.463-3.92.048-7.831 1.475-10.693 4.143l-1.78-1.875C16.209 3.579 20.81 1.976 25.339 2c3.335-.008 7.094.697 9.667 3.117 1.804 1.675 2.854 4.183 2.47 6.675-.698 4.535-6.798 7.1-10.085 3.526-3.254-3.43-.336-8.702 4.12-8.582v.008z" fill="#00303C"></path><path d="M30.853 10.502c.112-.12.2-.273.256-.449.152-.52-.072-1.057-.505-1.186-.44-.128-.922.193-1.074.713a1.117 1.117 0 00-.024.537s.36-.056.713.04a1.8 1.8 0 01.634.345zm2.373.633c.112-.12.2-.272.256-.44.153-.522-.072-1.058-.505-1.187-.433-.128-.914.193-1.074.714-.056.184-.056.36-.024.536 0 0 .36-.056.713.04.353.097.634.345.634.345m.056 2.083c-1.387 1.13-3.671.778-4.489-.8-.248-.49-.32-1.019-.32-1.515l.553-.024c.112.8.545 1.538 1.33 1.754.618.2 1.523.024 1.916-.456l1.01 1.041z" fill="#00303C"></path></svg></span></span></span></div><div class="label-container"><div><ul><div class="co-item__icon-list-container"><ul class="co-product__promo-icon-list co-item__promo-icon-list co-item__promo-icon-list--list-position"><li class="co-product__promo-icon-item"><div class="co-product__promo-icon-image-cntr"><button data-auto-id="btnPromo" type="button" class="asda-btn asda-btn--plain co-product__promo-icon-button" aria-label="show information on Typically fresh for 3 days"><picture class="asda-image picture"><source srcset="https://ui.assets-asda.com/dm/produce-3-days-icon?$Icon-wapp2x$="><img alt="Typically fresh for 3 days" class="asda-img asda-image co-product__promo-icon-img" data-auto-id="" src="https://ui.assets-asda.com/dm/produce-3-days-icon?$Icon-wapp2x$=" loading="lazy" title="Typically fresh for 3 days"></picture></button></div></li><li class="co-product__promo-icon-item"><div class="co-product__promo-icon-image-cntr"><button data-auto-id="btnPromo" type="button" class="asda-btn asda-btn--plain co-product__promo-icon-button" aria-label="show information on Live Better"><picture class="asda-image picture"><source srcset="https://ui.assets-asda.com/dm/_923_LiveBetter_Update?$Icon-wapp2x$="><img alt="Live Better" class="asda-img asda-image co-product__promo-icon-img" data-auto-id="" src="https://ui.assets-asda.com/dm/_923_LiveBetter_Update?$Icon-wapp2x$=" loading="lazy" title="Live Better"></picture></button></div></li></ul></div></ul></div></div></div><div class="co-item__col3 co-item__col3--rest-in-shelf"><div class="co-item__price-container co-item__price-container--rest-in-shelf"><div><span class="co-product__was-price"><span class="co-product__hidden-label">was &nbsp;</span>£3.48</span><strong class="co-product__price"><span class="co-product__hidden-label"> now </span>£3.28</strong><p class="co-item__price-per-uom-msg"><span class="co-product__price-per-uom">(£18.22/kg)</span></p></div></div><div class="co-item__quantity-container co-item__quantity-container--rest-in-shelf"><div class="co-item__quantity-container"><div class="quantity-button"><div class="add-button-with-tooltip"><div class="tooltip-wrapper"><button data-auto-id="btnAdd" type="button" class="asda-btn asda-btn--primary asda-btn--fluid add-button" aria-label="Add item ASDA Tender 2 Sea Bream Fillets 180g to cart" data-di-id="di-id-bd5e14ce-b3d9e896">Add</button></div></div></div></div></div></div><div class="co-item__col4"><a class="asda-link asda-link--primary" data-auto-id="linkViewTheShelf" target="_self" href="/aisle/meat-poultry-fish/fish-seafood/cod-haddock-white-fish/1215135760597-1215337195095-1215685901161" data-di-id="di-id-b88f03a4-7ac89c7f">View the shelf</a></div></div></div></li><li class=" co-item co-item--rest-in-shelf " style="order: 14;"><div><div class="co-product"><div class="co-item__col1 co-item__col1--rest-in-shelf"><button type="button" data-auto-id="linkProductImage" class="asda-link asda-link--primary asda-link--button" aria-disabled="false"><div class="thumbnail__image-container co-product__image co-product__image--rest-in-shelf co-item__image"><picture class="asda-image picture"><source type="image/webp" srcset="https://ui.assets-asda.com/dm/asdagroceries/5000116124060?$ProdList2x$=&amp;fmt=webp"><img alt="Birds Eye Fish Nuggets 490g" class="asda-img asda-image thumbnail__image" data-auto-id="" src="https://ui.assets-asda.com/dm/asdagroceries/5000116124060?$ProdList2x$=&amp;fmt=jpg" loading="lazy" title="Birds Eye Fish Nuggets 490g"></picture></div></button><div class="co-item__items-container"><div class="co-item-fsl__favourites-image-container co-item__items" role="presentation" data-auto-id="favouritesAndShoppingList"><div class="context-wrapper"><button data-auto-id="" type="button" class="asda-btn asda-btn--plain asda-btn--icon co-item-fsl__favourites-button" aria-label="options for favourite shopping list" aria-expanded="false"><span role="img" data-auto-id="" class="asda-icon asda-icon--white asda-icon--regular asda-icon--rotate0 co-item-fsl__favourites-image co-item__items"><svg viewBox="0 0 35 23" xmlns="http://www.w3.org/2000/svg" xmlns:xlink="http://www.w3.org/1999/xlink" data-di-res-id="f9018560-6e8915a6" data-di-rand="1750009195265"><defs><path id="asda_fav_list_1" d="M7.02 2C7 2.344 7 2.685 7 3h6c0-.315 0-.656-.02-1H18c1 0 2 .784 2 1.667v17.667C20 22.167 19 23 18 23H2c-1 0-2-.833-2-1.666V3.667C0 2.833 1 2 2 2h5.02zM12 2H8c0-1 1-2 2-2s2 1 2 2zM7 17v2h10v-2H7zm-4-5v2h2v-2H3zm0-5v2h2V7H3zm0 10v2h2v-2H3zm4-5v2h10v-2H7zm0-5v2h10V7H7z"></path><path id="asda_fav_list_2" d="M24 21c-1.818-1.8-10-7.65-10-12.6C14 5.7 15.818 3 19 3c2 0 4 .82 5 3.295C25 3.82 27 3 29 3c3.182 0 5 2.7 5 5.4 0 4.95-8.182 10.8-10 12.6z"></path></defs><g class="asda-icon__draw" fill="none" fill-rule="evenodd"><use fill="#3d3d3d" xlink:href="#asda_fav_list_1"></use><use class="asda-icon__draw" fill="#FFF" stroke="#3d3d3d" stroke-width="1.9" xlink:href="#asda_fav_list_2"></use></g></svg></span></button></div></div><div class="co-item__volume-container co-item__items"><span class="co-product__volume co-item__volume">490g      </span></div></div></div><div class="co-item__col2 co-item__col2--rest-in-shelf co-item__col2--has-icon-list"><div class="co-item__title-container co-item__title-container--rest-in-shelf"><h3 class="co-product__title"><a class="co-product__anchor" data-auto-id="linkProductTitle" href="/product/fish-fingers-shapes/birds-eye-fish-nuggets-490-g/1000085388488" data-di-id="di-id-da561fed-89063615">Birds Eye Fish Nuggets 490g</a></h3></div><div class="co-item__rating-container"><button type="button" data-auto-id="linkProductRating" class="asda-link asda-link--primary asda-link--button co-product__rating" aria-disabled="false" aria-label="3.66 stars out of 5 based on 50 reviews, you will be taken to the reviews on clicking this" data-di-id="di-id-f9fe053c-b9fa23f9"><div class="rating-stars"><div style="width: 73.2%;" class="rating-stars__stars rating-stars__stars--top" aria-hidden="true"><span aria-hidden="true">★</span><span aria-hidden="true">★</span><span aria-hidden="true">★</span><span aria-hidden="true">★</span><span aria-hidden="true">★</span></div><div class="rating-stars__stars rating-stars__stars--bottom" aria-hidden="true"><span aria-hidden="true">☆</span><span aria-hidden="true">☆</span><span aria-hidden="true">☆</span><span aria-hidden="true">☆</span><span aria-hidden="true">☆</span></div></div><span class="co-product__review-count" aria-hidden="true">(50)</span></button></div><div class="co-item__bundled-item-count-container"></div><div class="co-item__promo-container co-item__promo-container--rest-in-shelf"></div><div class="label-container"><div><ul><div class="co-item__icon-list-container"><ul class="co-product__promo-icon-list co-item__promo-icon-list co-item__promo-icon-list--list-position"><li class="co-product__promo-icon-item"><div class="co-product__promo-icon-image-cntr"><button data-auto-id="btnPromo" type="button" class="asda-btn asda-btn--plain co-product__promo-icon-button" aria-label="show information on Frozen"><picture class="asda-image picture"><source srcset="https://ui.assets-asda.com/dm/_046_frozen?$Icon-wapp2x$="><img alt="Frozen" class="asda-img asda-image co-product__promo-icon-img" data-auto-id="" src="https://ui.assets-asda.com/dm/_046_frozen?$Icon-wapp2x$=" loading="lazy" title="Frozen"></picture></button></div></li></ul></div></ul></div></div></div><div class="co-item__col3 co-item__col3--rest-in-shelf"><div class="co-item__price-container co-item__price-container--rest-in-shelf"><span class="co-item__price-per-uom"><strong class="co-product__price"><span class="co-product__hidden-label"> now </span>£4.25</strong><p class="co-item__price-per-uom-msg"><span class="co-product__price-per-uom">(£8.67/kg)</span></p></span></div><div class="co-item__quantity-container co-item__quantity-container--rest-in-shelf"><div class="co-item__quantity-container"><div class="quantity-button"><div class="add-button-with-tooltip"><div class="tooltip-wrapper"><button data-auto-id="btnAdd" type="button" class="asda-btn asda-btn--primary asda-btn--fluid add-button" aria-label="Add item Birds Eye Fish Nuggets 490g to cart" data-di-id="di-id-bd5e14ce-b3d9e896">Add</button></div></div></div></div></div></div><div class="co-item__col4"><a class="asda-link asda-link--primary" data-auto-id="linkViewTheShelf" target="_self" href="/shelf/frozen-food/chicken-meat-fish/frozen-fish/fish-fingers-shapes/1215338621416-1215666947082-1215685961757-910001112636" data-di-id="di-id-5e510a12-5c954c41">View the shelf</a></div></div></div></li><li class=" co-item co-item--rest-in-shelf " style="order: 15;"><div><div class="co-product"><div class="co-item__col1 co-item__col1--rest-in-shelf"><button type="button" data-auto-id="linkProductImage" class="asda-link asda-link--primary asda-link--button" aria-disabled="false"><div class="thumbnail__image-container co-product__image co-product__image--rest-in-shelf co-item__image"><picture class="asda-image picture"><source type="image/webp" srcset="https://ui.assets-asda.com/dm/asdagroceries/5052449014525?$ProdList2x$=&amp;fmt=webp"><img alt="ASDA Flaky Smoked Kipper Fillets &amp; Butter" class="asda-img asda-image thumbnail__image" data-auto-id="" src="https://ui.assets-asda.com/dm/asdagroceries/5052449014525?$ProdList2x$=&amp;fmt=jpg" loading="lazy" title="ASDA Flaky Smoked Kipper Fillets &amp; Butter"></picture></div></button><div class="co-item__items-container"><div class="co-item-fsl__favourites-image-container co-item__items" role="presentation" data-auto-id="favouritesAndShoppingList"><div class="context-wrapper"><button data-auto-id="" type="button" class="asda-btn asda-btn--plain asda-btn--icon co-item-fsl__favourites-button" aria-label="options for favourite shopping list" aria-expanded="false"><span role="img" data-auto-id="" class="asda-icon asda-icon--white asda-icon--regular asda-icon--rotate0 co-item-fsl__favourites-image co-item__items"><svg viewBox="0 0 35 23" xmlns="http://www.w3.org/2000/svg" xmlns:xlink="http://www.w3.org/1999/xlink" data-di-res-id="f9018560-cc0128a1" data-di-rand="1750009195265"><defs><path id="asda_fav_list_1" d="M7.02 2C7 2.344 7 2.685 7 3h6c0-.315 0-.656-.02-1H18c1 0 2 .784 2 1.667v17.667C20 22.167 19 23 18 23H2c-1 0-2-.833-2-1.666V3.667C0 2.833 1 2 2 2h5.02zM12 2H8c0-1 1-2 2-2s2 1 2 2zM7 17v2h10v-2H7zm-4-5v2h2v-2H3zm0-5v2h2V7H3zm0 10v2h2v-2H3zm4-5v2h10v-2H7zm0-5v2h10V7H7z"></path><path id="asda_fav_list_2" d="M24 21c-1.818-1.8-10-7.65-10-12.6C14 5.7 15.818 3 19 3c2 0 4 .82 5 3.295C25 3.82 27 3 29 3c3.182 0 5 2.7 5 5.4 0 4.95-8.182 10.8-10 12.6z"></path></defs><g class="asda-icon__draw" fill="none" fill-rule="evenodd"><use fill="#3d3d3d" xlink:href="#asda_fav_list_1"></use><use class="asda-icon__draw" fill="#FFF" stroke="#3d3d3d" stroke-width="1.9" xlink:href="#asda_fav_list_2"></use></g></svg></span></button></div></div><div class="co-item__volume-container co-item__items"><span class="co-product__volume co-item__volume">200g      </span></div></div></div><div class="co-item__col2 co-item__col2--rest-in-shelf co-item__col2--has-icon-list"><div class="co-item__title-container co-item__title-container--rest-in-shelf"><h3 class="co-product__title"><a class="co-product__anchor" data-auto-id="linkProductTitle" href="/product/cod-haddock-white-fish/asda-flaky-smoked-kipper-fillets-butter/910000366459" data-di-id="di-id-314484e0-74c04789">ASDA Flaky Smoked Kipper Fillets &amp; Butter</a></h3></div><div class="co-item__rating-container"><button type="button" data-auto-id="linkProductRating" class="asda-link asda-link--primary asda-link--button co-product__rating" aria-disabled="false" aria-label="3.12 stars out of 5 based on 50+ reviews, you will be taken to the reviews on clicking this" data-di-id="di-id-f9fe053c-665ea5f8"><div class="rating-stars"><div style="width: 62.4%;" class="rating-stars__stars rating-stars__stars--top" aria-hidden="true"><span aria-hidden="true">★</span><span aria-hidden="true">★</span><span aria-hidden="true">★</span><span aria-hidden="true">★</span><span aria-hidden="true">★</span></div><div class="rating-stars__stars rating-stars__stars--bottom" aria-hidden="true"><span aria-hidden="true">☆</span><span aria-hidden="true">☆</span><span aria-hidden="true">☆</span><span aria-hidden="true">☆</span><span aria-hidden="true">☆</span></div></div><span class="co-product__review-count" aria-hidden="true">(50+)</span></button></div><div class="co-item__bundled-item-count-container"></div><div class="co-item__promo-container co-item__promo-container--rest-in-shelf"><span data-auto-id="secondaryPromoBanner" class="co-product__promo co-product__promo--rollback co-product__promo--rest-in-shelf" title="Rollback"><span class="co-product__promo-text"><span role="img" data-auto-id="" class="asda-icon asda-icon--charcoal asda-icon--regular asda-icon--rotate0 asda-icon--brand"><svg viewBox="0 0 93 20" fill="none" xmlns="http://www.w3.org/2000/svg" data-di-res-id="b576c1cd-a84e7c1" data-di-rand="1750009195266"><path d="M89.702 1.493V0H3.298v1.493A5.851 5.851 0 011.62 5.606C.508 6.732 0 8.333 0 9.966v.069c0 1.632.508 3.233 1.62 4.36a5.851 5.851 0 011.678 4.112V20h86.404v-1.493c0-1.538.597-3.018 1.677-4.113C92.492 13.268 93 11.667 93 10.034v-.069c0-1.632-.508-3.233-1.62-4.36a5.851 5.851 0 01-1.678-4.112z" fill="#FAED4A"></path><path d="M22.541 7.393c2.26 0 3.687 1.162 3.687 3.02 0 1.034-.424 1.852-1.162 2.357.778.937 1.323 2.187 1.547 3.557H24.04c-.208-1.025-.625-2.163-1.186-2.973h-1.09v2.973h-2.501V7.89a10.78 10.78 0 013.27-.497h.008zm-.008 4.095c.673 0 1.122-.441 1.122-1.074 0-.721-.352-1.026-1.05-1.026-.272 0-.577.04-.833.152v1.948h.761zm15.014-3.895h2.5v6.739h2.814v1.995h-5.306V7.593h-.008zm6.132 0h2.5v6.739h2.814v1.995h-5.306V7.593h-.008zm9.25-.2c2.132 0 3.35.85 3.35 2.396 0 .737-.336 1.346-1.09 1.763.962.288 1.516 1.097 1.516 1.987 0 1.747-1.227 2.796-3.463 2.796H49.81V7.89a9.626 9.626 0 013.118-.497zm.056 3.718c.633 0 1.122-.248 1.122-.898 0-.512-.328-.849-1.034-.849-.328 0-.577.048-.825.136v1.61h.737zm.12 3.245c.674 0 1.123-.24 1.123-.873 0-.497-.209-.834-1.034-.834h-.946v1.707h.857zm4.145-.2c0-1.931 1.515-2.893 4.697-2.997.176-.978-.249-1.77-.946-1.77s-1.122.488-1.25 1.37l-2.421-.498c.352-1.858 1.675-2.868 3.783-2.868 2.108 0 3.335 1.234 3.335 3.445v5.465h-2.501V15.27c-.497.834-1.25 1.258-2.245 1.258-1.426 0-2.444-1.001-2.444-2.371h-.008zm3.398.352c.81 0 1.283-.633 1.283-1.738v-.177c-1.37 0-2.108.449-2.108 1.17 0 .44.336.737.825.737v.008zm4.641-2.54c0-2.868 1.523-4.583 4.08-4.583 1.852 0 3.11 1.034 3.576 2.949l-2.445.609c-.153-.962-.553-1.483-1.139-1.483-.978 0-1.499.874-1.499 2.5 0 1.627.465 2.5 1.347 2.5.697 0 1.034-.408 1.339-1.634l2.22.849c-.489 1.899-1.7 2.86-3.583 2.86-2.42 0-3.896-1.722-3.896-4.559v-.008zm8.353-4.375h2.5v3.318l1.909-3.334H81l-2.758 4.19c1.034.746 2.325 2.67 2.637 4.56H78.18c-.425-1.594-1.339-2.868-2.036-3.373v3.373h-2.501V7.593zM14.268 6.2l.24-.378c.185-.56.041-1.41-.08-1.834l-2.091.528c.336 1.17.176 3.19-.337 4.88 1.74-.48 3.775-.256 5.026.176l.537-1.923c-.224-.096-1.37-.44-2.028-.248l-.064.272" fill="#00303C"></path><path d="M31.51 6.744c-4.176.73-6.276 6.17-1.947 8.221 1.57.697 3.55.032 4.729-1.242 1.267-1.306 1.403-3.157.721-4.784-1.523-3.621-5.987-4.535-9.659-4.463-3.92.048-7.831 1.475-10.693 4.143l-1.78-1.875C16.209 3.579 20.81 1.976 25.339 2c3.335-.008 7.094.697 9.667 3.117 1.804 1.675 2.854 4.183 2.47 6.675-.698 4.535-6.798 7.1-10.085 3.526-3.254-3.43-.336-8.702 4.12-8.582v.008z" fill="#00303C"></path><path d="M30.853 10.502c.112-.12.2-.273.256-.449.152-.52-.072-1.057-.505-1.186-.44-.128-.922.193-1.074.713a1.117 1.117 0 00-.024.537s.36-.056.713.04a1.8 1.8 0 01.634.345zm2.373.633c.112-.12.2-.272.256-.44.153-.522-.072-1.058-.505-1.187-.433-.128-.914.193-1.074.714-.056.184-.056.36-.024.536 0 0 .36-.056.713.04.353.097.634.345.634.345m.056 2.083c-1.387 1.13-3.671.778-4.489-.8-.248-.49-.32-1.019-.32-1.515l.553-.024c.112.8.545 1.538 1.33 1.754.618.2 1.523.024 1.916-.456l1.01 1.041z" fill="#00303C"></path></svg></span></span></span></div><div class="label-container"><div><ul><div class="co-item__icon-list-container"><ul class="co-product__promo-icon-list co-item__promo-icon-list co-item__promo-icon-list--list-position"><li class="co-product__promo-icon-item"><div class="co-product__promo-icon-image-cntr"><button data-auto-id="btnPromo" type="button" class="asda-btn asda-btn--plain co-product__promo-icon-button" aria-label="show information on Typically fresh for 6 days"><picture class="asda-image picture"><source srcset="https://ui.assets-asda.com/dm/produce-6-days-icon?$Icon-wapp2x$="><img alt="Typically fresh for 6 days" class="asda-img asda-image co-product__promo-icon-img" data-auto-id="" src="https://ui.assets-asda.com/dm/produce-6-days-icon?$Icon-wapp2x$=" loading="lazy" title="Typically fresh for 6 days"></picture></button></div></li></ul></div></ul></div></div></div><div class="co-item__col3 co-item__col3--rest-in-shelf"><div class="co-item__price-container co-item__price-container--rest-in-shelf"><div><span class="co-product__was-price"><span class="co-product__hidden-label">was &nbsp;</span>£1.48</span><strong class="co-product__price"><span class="co-product__hidden-label"> now </span>£1.38</strong><p class="co-item__price-per-uom-msg"><span class="co-product__price-per-uom">(£6.90/kg)</span></p></div></div><div class="co-item__quantity-container co-item__quantity-container--rest-in-shelf"><div class="co-item__quantity-container"><div class="quantity-button"><div class="add-button-with-tooltip"><div class="tooltip-wrapper"><button data-auto-id="btnAdd" type="button" class="asda-btn asda-btn--primary asda-btn--fluid add-button" aria-label="Add item ASDA Flaky Smoked Kipper Fillets &amp; Butter to cart" data-di-id="di-id-bd5e14ce-b3d9e896">Add</button></div></div></div></div></div></div><div class="co-item__col4"><a class="asda-link asda-link--primary" data-auto-id="linkViewTheShelf" target="_self" href="/aisle/meat-poultry-fish/fish-seafood/cod-haddock-white-fish/1215135760597-1215337195095-1215685901161" data-di-id="di-id-b88f03a4-7ac89c7f">View the shelf</a></div></div></div></li><li class=" co-item co-item--rest-in-shelf " style="order: 16;"><div><div class="co-product"><div class="co-item__col1 co-item__col1--rest-in-shelf"><button type="button" data-auto-id="linkProductImage" class="asda-link asda-link--primary asda-link--button" aria-disabled="false"><div class="thumbnail__image-container co-product__image co-product__image--rest-in-shelf co-item__image"><picture class="asda-image picture"><source type="image/webp" srcset="https://ui.assets-asda.com/dm/asdagroceries/5000116129386?$ProdList2x$=&amp;fmt=webp"><img alt="Birds Eye Captain's Discoveries 2 Focaccia Crumb Mediterranean Fish Fillets 220g" class="asda-img asda-image thumbnail__image" data-auto-id="" src="https://ui.assets-asda.com/dm/asdagroceries/5000116129386?$ProdList2x$=&amp;fmt=jpg" loading="lazy" title="Birds Eye Captain's Discoveries 2 Focaccia Crumb Mediterranean Fish Fillets 220g"></picture></div></button><div class="co-item__items-container"><div class="co-item-fsl__favourites-image-container co-item__items" role="presentation" data-auto-id="favouritesAndShoppingList"><div class="context-wrapper"><button data-auto-id="" type="button" class="asda-btn asda-btn--plain asda-btn--icon co-item-fsl__favourites-button" aria-label="options for favourite shopping list" aria-expanded="false"><span role="img" data-auto-id="" class="asda-icon asda-icon--white asda-icon--regular asda-icon--rotate0 co-item-fsl__favourites-image co-item__items"><svg viewBox="0 0 35 23" xmlns="http://www.w3.org/2000/svg" xmlns:xlink="http://www.w3.org/1999/xlink" data-di-res-id="ebb42a8e-1170f18" data-di-rand="1750009195266"><defs><path id="asda_fav_list_1" d="M7.02 2C7 2.344 7 2.685 7 3h6c0-.315 0-.656-.02-1H18c1 0 2 .784 2 1.667v17.667C20 22.167 19 23 18 23H2c-1 0-2-.833-2-1.666V3.667C0 2.833 1 2 2 2h5.02zM12 2H8c0-1 1-2 2-2s2 1 2 2zM7 17v2h10v-2H7zm-4-5v2h2v-2H3zm0-5v2h2V7H3zm0 10v2h2v-2H3zm4-5v2h10v-2H7zm0-5v2h10V7H7z"></path><path id="asda_fav_list_2" d="M24 21c-1.818-1.8-10-7.65-10-12.6C14 5.7 15.818 3 19 3c2 0 4 .82 5 3.295C25 3.82 27 3 29 3c3.182 0 5 2.7 5 5.4 0 4.95-8.182 10.8-10 12.6z"></path></defs><g class="asda-icon__draw" fill="none" fill-rule="evenodd"><use fill="#3d3d3d" xlink:href="#asda_fav_list_1"></use><use class="asda-icon__draw" fill="#FFF" stroke="#3d3d3d" stroke-width="1.9" xlink:href="#asda_fav_list_2"></use></g></svg></span></button></div></div><div class="co-item__volume-container co-item__items"><span class="co-product__volume co-item__volume">220g      </span></div></div></div><div class="co-item__col2 co-item__col2--rest-in-shelf co-item__col2--has-icon-list"><div class="co-item__title-container co-item__title-container--rest-in-shelf"><h3 class="co-product__title"><a class="co-product__anchor" data-auto-id="linkProductTitle" href="/product/battered-breaded-fish/birds-eye-captains-discoveries-2-focaccia-crumb-mediterranean-fish-fillets-220-g/1000383287972" data-di-id="di-id-5ada3de2-8a3f0849">Birds Eye Captain's Discoveries 2 Focaccia Crumb Mediterranean Fish Fillets 220g</a></h3></div><div class="co-item__rating-container"><button type="button" data-auto-id="linkProductRating" class="asda-link asda-link--primary asda-link--button co-product__rating" aria-disabled="false" aria-label="4.42 stars out of 5 based on 19 reviews, you will be taken to the reviews on clicking this" data-di-id="di-id-f9fe053c-6f31306c"><div class="rating-stars"><div style="width: 88.4%;" class="rating-stars__stars rating-stars__stars--top" aria-hidden="true"><span aria-hidden="true">★</span><span aria-hidden="true">★</span><span aria-hidden="true">★</span><span aria-hidden="true">★</span><span aria-hidden="true">★</span></div><div class="rating-stars__stars rating-stars__stars--bottom" aria-hidden="true"><span aria-hidden="true">☆</span><span aria-hidden="true">☆</span><span aria-hidden="true">☆</span><span aria-hidden="true">☆</span><span aria-hidden="true">☆</span></div></div><span class="co-product__review-count" aria-hidden="true">(19)</span></button></div><div class="co-item__bundled-item-count-container"></div><div class="co-item__promo-container co-item__promo-container--rest-in-shelf"><span data-auto-id="secondaryPromoBanner" class="co-product__promo co-product__promo--new co-product__promo--rest-in-shelf" title="New"><span class="co-product__promo-text">New</span></span></div><div class="label-container"><div><ul><div class="co-item__icon-list-container"><ul class="co-product__promo-icon-list co-item__promo-icon-list co-item__promo-icon-list--list-position"><li class="co-product__promo-icon-item"><div class="co-product__promo-icon-image-cntr"><button data-auto-id="btnPromo" type="button" class="asda-btn asda-btn--plain co-product__promo-icon-button" aria-label="show information on Frozen"><picture class="asda-image picture"><source srcset="https://ui.assets-asda.com/dm/_046_frozen?$Icon-wapp2x$="><img alt="Frozen" class="asda-img asda-image co-product__promo-icon-img" data-auto-id="" src="https://ui.assets-asda.com/dm/_046_frozen?$Icon-wapp2x$=" loading="lazy" title="Frozen"></picture></button></div></li><li class="co-product__promo-icon-item"><div class="co-product__promo-icon-image-cntr"><button data-auto-id="btnPromo" type="button" class="asda-btn asda-btn--plain co-product__promo-icon-button" aria-label="show information on Follow Air Fryer Manufacturer’s Instructions for Cooking Guidelines."><picture class="asda-image picture"><source srcset="https://ui.assets-asda.com/dm/Air-Fryer-Online-Icon?$Icon-wapp$=&amp;$Icon-wapp2x$="><img alt="Follow Air Fryer Manufacturer’s Instructions for Cooking Guidelines." class="asda-img asda-image co-product__promo-icon-img" data-auto-id="" src="https://ui.assets-asda.com/dm/Air-Fryer-Online-Icon?$Icon-wapp$=&amp;$Icon-wapp2x$=" loading="lazy" title="Follow Air Fryer Manufacturer’s Instructions for Cooking Guidelines."></picture></button></div></li></ul></div></ul></div></div></div><div class="co-item__col3 co-item__col3--rest-in-shelf"><div class="co-item__price-container co-item__price-container--rest-in-shelf"><span class="co-item__price-per-uom"><strong class="co-product__price"><span class="co-product__hidden-label"> now </span>£3.98</strong><p class="co-item__price-per-uom-msg"><span class="co-product__price-per-uom">(£18.09/kg)</span></p></span></div><div class="co-item__quantity-container co-item__quantity-container--rest-in-shelf"><div class="co-item__quantity-container"><div class="quantity-button"><div class="add-button-with-tooltip"><div class="tooltip-wrapper"><button data-auto-id="btnAdd" type="button" class="asda-btn asda-btn--primary asda-btn--fluid add-button" aria-label="Add item Birds Eye Captain's Discoveries 2 Focaccia Crumb Mediterranean Fish Fillets 220g to cart" data-di-id="di-id-bd5e14ce-b3d9e896">Add</button></div></div></div></div></div></div><div class="co-item__col4"><a class="asda-link asda-link--primary" data-auto-id="linkViewTheShelf" target="_self" href="/shelf/frozen-food/chicken-meat-fish/frozen-fish/battered-breaded-fish/1215338621416-1215666947082-1215685961757-910000977050" data-di-id="di-id-85340ba2-5a4e7c17">View the shelf</a></div></div></div></li><li class=" co-item co-item--rest-in-shelf " style="order: 17;"><div><div class="co-product"><div class="co-item__col1 co-item__col1--rest-in-shelf"><button type="button" data-auto-id="linkProductImage" class="asda-link asda-link--primary asda-link--button" aria-disabled="false"><div class="thumbnail__image-container co-product__image co-product__image--rest-in-shelf co-item__image"><picture class="asda-image picture"><source type="image/webp" srcset="https://ui.assets-asda.com/dm/asdagroceries/5054781380139?$ProdList2x$=&amp;fmt=webp"><img alt="ASDA Flavoursome Half Salmon Side" class="asda-img asda-image thumbnail__image" data-auto-id="" src="https://ui.assets-asda.com/dm/asdagroceries/5054781380139?$ProdList2x$=&amp;fmt=jpg" loading="lazy" title="ASDA Flavoursome Half Salmon Side"></picture></div></button><div class="co-item__items-container"><div class="co-item-fsl__favourites-image-container co-item__items" role="presentation" data-auto-id="favouritesAndShoppingList"><div class="context-wrapper"><button data-auto-id="" type="button" class="asda-btn asda-btn--plain asda-btn--icon co-item-fsl__favourites-button" aria-label="options for favourite shopping list" aria-expanded="false"><span role="img" data-auto-id="" class="asda-icon asda-icon--white asda-icon--regular asda-icon--rotate0 co-item-fsl__favourites-image co-item__items"><svg viewBox="0 0 35 23" xmlns="http://www.w3.org/2000/svg" xmlns:xlink="http://www.w3.org/1999/xlink" data-di-res-id="ebb42a8e-63a4c2bd" data-di-rand="1750009195266"><defs><path id="asda_fav_list_1" d="M7.02 2C7 2.344 7 2.685 7 3h6c0-.315 0-.656-.02-1H18c1 0 2 .784 2 1.667v17.667C20 22.167 19 23 18 23H2c-1 0-2-.833-2-1.666V3.667C0 2.833 1 2 2 2h5.02zM12 2H8c0-1 1-2 2-2s2 1 2 2zM7 17v2h10v-2H7zm-4-5v2h2v-2H3zm0-5v2h2V7H3zm0 10v2h2v-2H3zm4-5v2h10v-2H7zm0-5v2h10V7H7z"></path><path id="asda_fav_list_2" d="M24 21c-1.818-1.8-10-7.65-10-12.6C14 5.7 15.818 3 19 3c2 0 4 .82 5 3.295C25 3.82 27 3 29 3c3.182 0 5 2.7 5 5.4 0 4.95-8.182 10.8-10 12.6z"></path></defs><g class="asda-icon__draw" fill="none" fill-rule="evenodd"><use fill="#3d3d3d" xlink:href="#asda_fav_list_1"></use><use class="asda-icon__draw" fill="#FFF" stroke="#3d3d3d" stroke-width="1.9" xlink:href="#asda_fav_list_2"></use></g></svg></span></button></div></div><div class="co-item__volume-container co-item__items"><span class="co-product__volume co-item__volume">500g      </span></div></div></div><div class="co-item__col2 co-item__col2--rest-in-shelf co-item__col2--has-icon-list"><div class="co-item__title-container co-item__title-container--rest-in-shelf"><h3 class="co-product__title"><a class="co-product__anchor" data-auto-id="linkProductTitle" href="/product/salmon/asda-flavoursome-half-salmon-side/910003009537" data-di-id="di-id-b52f6e4a-2ab6a70c">ASDA Flavoursome Half Salmon Side</a></h3></div><div class="co-item__rating-container"><button type="button" data-auto-id="linkProductRating" class="asda-link asda-link--primary asda-link--button co-product__rating" aria-disabled="false" aria-label="3.98 stars out of 5 based on 50+ reviews, you will be taken to the reviews on clicking this" data-di-id="di-id-f9fe053c-665ea5f8"><div class="rating-stars"><div style="width: 79.6%;" class="rating-stars__stars rating-stars__stars--top" aria-hidden="true"><span aria-hidden="true">★</span><span aria-hidden="true">★</span><span aria-hidden="true">★</span><span aria-hidden="true">★</span><span aria-hidden="true">★</span></div><div class="rating-stars__stars rating-stars__stars--bottom" aria-hidden="true"><span aria-hidden="true">☆</span><span aria-hidden="true">☆</span><span aria-hidden="true">☆</span><span aria-hidden="true">☆</span><span aria-hidden="true">☆</span></div></div><span class="co-product__review-count" aria-hidden="true">(50+)</span></button></div><div class="co-item__bundled-item-count-container"></div><div class="co-item__promo-container co-item__promo-container--rest-in-shelf"></div><div class="label-container"><div><ul><div class="co-item__icon-list-container"><ul class="co-product__promo-icon-list co-item__promo-icon-list co-item__promo-icon-list--list-position"><li class="co-product__promo-icon-item"><div class="co-product__promo-icon-image-cntr"><button data-auto-id="btnPromo" type="button" class="asda-btn asda-btn--plain co-product__promo-icon-button" aria-label="show information on Typically fresh for 3 days"><picture class="asda-image picture"><source srcset="https://ui.assets-asda.com/dm/produce-3-days-icon?$Icon-wapp2x$="><img alt="Typically fresh for 3 days" class="asda-img asda-image co-product__promo-icon-img" data-auto-id="" src="https://ui.assets-asda.com/dm/produce-3-days-icon?$Icon-wapp2x$=" loading="lazy" title="Typically fresh for 3 days"></picture></button></div></li><li class="co-product__promo-icon-item"><div class="co-product__promo-icon-image-cntr"><button data-auto-id="btnPromo" type="button" class="asda-btn asda-btn--plain co-product__promo-icon-button" aria-label="show information on Serves up to 4"><picture class="asda-image picture"><source srcset="https://ui.assets-asda.com/dm/icon_servesupto?$serves=4&amp;$Icon-wapp2x$="><img alt="Serves up to 4" class="asda-img asda-image co-product__promo-icon-img" data-auto-id="" src="https://ui.assets-asda.com/dm/icon_servesupto?$serves=4&amp;$Icon-wapp2x$=" loading="lazy" title="Serves up to 4"></picture></button></div></li></ul></div></ul></div></div></div><div class="co-item__col3 co-item__col3--rest-in-shelf"><div class="co-item__price-container co-item__price-container--rest-in-shelf"><span class="co-item__price-per-uom"><strong class="co-product__price"><span class="co-product__hidden-label"> now </span>£8.76</strong><p class="co-item__price-per-uom-msg"><span class="co-product__price-per-uom">(£17.52/kg)</span></p></span></div><div class="co-item__quantity-container co-item__quantity-container--rest-in-shelf"><div class="co-item__quantity-container"><div class="quantity-button"><div class="add-button-with-tooltip"><div class="tooltip-wrapper"><button data-auto-id="btnAdd" type="button" class="asda-btn asda-btn--primary asda-btn--fluid add-button" aria-label="Add item ASDA Flavoursome Half Salmon Side to cart" data-di-id="di-id-bd5e14ce-b3d9e896">Add</button></div></div></div></div></div></div><div class="co-item__col4"><a class="asda-link asda-link--primary" data-auto-id="linkViewTheShelf" target="_self" href="/aisle/meat-poultry-fish/fish-seafood/salmon/1215135760597-1215337195095-1215685901159" data-di-id="di-id-9404a7e0-69a8840c">View the shelf</a></div></div></div></li><li class=" co-item co-item--rest-in-shelf " style="order: 18;"><div><div class="co-product"><div class="co-item__col1 co-item__col1--rest-in-shelf"><button type="button" data-auto-id="linkProductImage" class="asda-link asda-link--primary asda-link--button" aria-disabled="false"><div class="thumbnail__image-container co-product__image co-product__image--rest-in-shelf co-item__image"><picture class="asda-image picture"><source type="image/webp" srcset="https://ui.assets-asda.com/dm/asdagroceries/5063089005248?$ProdList2x$=&amp;fmt=webp"><img alt="ASDA Crispy Tempura Battered Haddock Goujons" class="asda-img asda-image thumbnail__image" data-auto-id="" src="https://ui.assets-asda.com/dm/asdagroceries/5063089005248?$ProdList2x$=&amp;fmt=jpg" loading="lazy" title="ASDA Crispy Tempura Battered Haddock Goujons"></picture></div></button><div class="co-item__items-container"><div class="co-item-fsl__favourites-image-container co-item__items" role="presentation" data-auto-id="favouritesAndShoppingList"><div class="context-wrapper"><button data-auto-id="" type="button" class="asda-btn asda-btn--plain asda-btn--icon co-item-fsl__favourites-button" aria-label="options for favourite shopping list" aria-expanded="false"><span role="img" data-auto-id="" class="asda-icon asda-icon--white asda-icon--regular asda-icon--rotate0 co-item-fsl__favourites-image co-item__items"><svg viewBox="0 0 35 23" xmlns="http://www.w3.org/2000/svg" xmlns:xlink="http://www.w3.org/1999/xlink" data-di-res-id="ebb42a8e-8408aa32" data-di-rand="1750009195266"><defs><path id="asda_fav_list_1" d="M7.02 2C7 2.344 7 2.685 7 3h6c0-.315 0-.656-.02-1H18c1 0 2 .784 2 1.667v17.667C20 22.167 19 23 18 23H2c-1 0-2-.833-2-1.666V3.667C0 2.833 1 2 2 2h5.02zM12 2H8c0-1 1-2 2-2s2 1 2 2zM7 17v2h10v-2H7zm-4-5v2h2v-2H3zm0-5v2h2V7H3zm0 10v2h2v-2H3zm4-5v2h10v-2H7zm0-5v2h10V7H7z"></path><path id="asda_fav_list_2" d="M24 21c-1.818-1.8-10-7.65-10-12.6C14 5.7 15.818 3 19 3c2 0 4 .82 5 3.295C25 3.82 27 3 29 3c3.182 0 5 2.7 5 5.4 0 4.95-8.182 10.8-10 12.6z"></path></defs><g class="asda-icon__draw" fill="none" fill-rule="evenodd"><use fill="#3d3d3d" xlink:href="#asda_fav_list_1"></use><use class="asda-icon__draw" fill="#FFF" stroke="#3d3d3d" stroke-width="1.9" xlink:href="#asda_fav_list_2"></use></g></svg></span></button></div></div><div class="co-item__volume-container co-item__items"><span class="co-product__volume co-item__volume">200g      </span></div></div></div><div class="co-item__col2 co-item__col2--rest-in-shelf"><div class="co-item__title-container co-item__title-container--rest-in-shelf"><h3 class="co-product__title"><a class="co-product__anchor" data-auto-id="linkProductTitle" href="/product/breaded-fish-fishcakes/asda-crispy-tempura-battered-haddock-goujons/1000383159641" data-di-id="di-id-8a261c0e-67c0066e">ASDA Crispy Tempura Battered Haddock Goujons</a></h3></div><div class="co-item__rating-container"><button type="button" data-auto-id="linkProductRating" class="asda-link asda-link--primary asda-link--button co-product__rating" aria-disabled="false" aria-label="3.91 stars out of 5 based on 50+ reviews, you will be taken to the reviews on clicking this" data-di-id="di-id-f9fe053c-665ea5f8"><div class="rating-stars"><div style="width: 78.2%;" class="rating-stars__stars rating-stars__stars--top" aria-hidden="true"><span aria-hidden="true">★</span><span aria-hidden="true">★</span><span aria-hidden="true">★</span><span aria-hidden="true">★</span><span aria-hidden="true">★</span></div><div class="rating-stars__stars rating-stars__stars--bottom" aria-hidden="true"><span aria-hidden="true">☆</span><span aria-hidden="true">☆</span><span aria-hidden="true">☆</span><span aria-hidden="true">☆</span><span aria-hidden="true">☆</span></div></div><span class="co-product__review-count" aria-hidden="true">(50+)</span></button></div><div class="co-item__bundled-item-count-container"></div><div class="co-item__promo-container co-item__promo-container--rest-in-shelf"><span data-auto-id="secondaryPromoBanner" class="co-product__promo co-product__promo--rollback co-product__promo--rest-in-shelf" title="Rollback"><span class="co-product__promo-text"><span role="img" data-auto-id="" class="asda-icon asda-icon--charcoal asda-icon--regular asda-icon--rotate0 asda-icon--brand"><svg viewBox="0 0 93 20" fill="none" xmlns="http://www.w3.org/2000/svg" data-di-res-id="53084deb-9a9a7cd9" data-di-rand="1750009195267"><path d="M89.702 1.493V0H3.298v1.493A5.851 5.851 0 011.62 5.606C.508 6.732 0 8.333 0 9.966v.069c0 1.632.508 3.233 1.62 4.36a5.851 5.851 0 011.678 4.112V20h86.404v-1.493c0-1.538.597-3.018 1.677-4.113C92.492 13.268 93 11.667 93 10.034v-.069c0-1.632-.508-3.233-1.62-4.36a5.851 5.851 0 01-1.678-4.112z" fill="#FAED4A"></path><path d="M22.541 7.393c2.26 0 3.687 1.162 3.687 3.02 0 1.034-.424 1.852-1.162 2.357.778.937 1.323 2.187 1.547 3.557H24.04c-.208-1.025-.625-2.163-1.186-2.973h-1.09v2.973h-2.501V7.89a10.78 10.78 0 013.27-.497h.008zm-.008 4.095c.673 0 1.122-.441 1.122-1.074 0-.721-.352-1.026-1.05-1.026-.272 0-.577.04-.833.152v1.948h.761zm15.014-3.895h2.5v6.739h2.814v1.995h-5.306V7.593h-.008zm6.132 0h2.5v6.739h2.814v1.995h-5.306V7.593h-.008zm9.25-.2c2.132 0 3.35.85 3.35 2.396 0 .737-.336 1.346-1.09 1.763.962.288 1.516 1.097 1.516 1.987 0 1.747-1.227 2.796-3.463 2.796H49.81V7.89a9.626 9.626 0 013.118-.497zm.056 3.718c.633 0 1.122-.248 1.122-.898 0-.512-.328-.849-1.034-.849-.328 0-.577.048-.825.136v1.61h.737zm.12 3.245c.674 0 1.123-.24 1.123-.873 0-.497-.209-.834-1.034-.834h-.946v1.707h.857zm4.145-.2c0-1.931 1.515-2.893 4.697-2.997.176-.978-.249-1.77-.946-1.77s-1.122.488-1.25 1.37l-2.421-.498c.352-1.858 1.675-2.868 3.783-2.868 2.108 0 3.335 1.234 3.335 3.445v5.465h-2.501V15.27c-.497.834-1.25 1.258-2.245 1.258-1.426 0-2.444-1.001-2.444-2.371h-.008zm3.398.352c.81 0 1.283-.633 1.283-1.738v-.177c-1.37 0-2.108.449-2.108 1.17 0 .44.336.737.825.737v.008zm4.641-2.54c0-2.868 1.523-4.583 4.08-4.583 1.852 0 3.11 1.034 3.576 2.949l-2.445.609c-.153-.962-.553-1.483-1.139-1.483-.978 0-1.499.874-1.499 2.5 0 1.627.465 2.5 1.347 2.5.697 0 1.034-.408 1.339-1.634l2.22.849c-.489 1.899-1.7 2.86-3.583 2.86-2.42 0-3.896-1.722-3.896-4.559v-.008zm8.353-4.375h2.5v3.318l1.909-3.334H81l-2.758 4.19c1.034.746 2.325 2.67 2.637 4.56H78.18c-.425-1.594-1.339-2.868-2.036-3.373v3.373h-2.501V7.593zM14.268 6.2l.24-.378c.185-.56.041-1.41-.08-1.834l-2.091.528c.336 1.17.176 3.19-.337 4.88 1.74-.48 3.775-.256 5.026.176l.537-1.923c-.224-.096-1.37-.44-2.028-.248l-.064.272" fill="#00303C"></path><path d="M31.51 6.744c-4.176.73-6.276 6.17-1.947 8.221 1.57.697 3.55.032 4.729-1.242 1.267-1.306 1.403-3.157.721-4.784-1.523-3.621-5.987-4.535-9.659-4.463-3.92.048-7.831 1.475-10.693 4.143l-1.78-1.875C16.209 3.579 20.81 1.976 25.339 2c3.335-.008 7.094.697 9.667 3.117 1.804 1.675 2.854 4.183 2.47 6.675-.698 4.535-6.798 7.1-10.085 3.526-3.254-3.43-.336-8.702 4.12-8.582v.008z" fill="#00303C"></path><path d="M30.853 10.502c.112-.12.2-.273.256-.449.152-.52-.072-1.057-.505-1.186-.44-.128-.922.193-1.074.713a1.117 1.117 0 00-.024.537s.36-.056.713.04a1.8 1.8 0 01.634.345zm2.373.633c.112-.12.2-.272.256-.44.153-.522-.072-1.058-.505-1.187-.433-.128-.914.193-1.074.714-.056.184-.056.36-.024.536 0 0 .36-.056.713.04.353.097.634.345.634.345m.056 2.083c-1.387 1.13-3.671.778-4.489-.8-.248-.49-.32-1.019-.32-1.515l.553-.024c.112.8.545 1.538 1.33 1.754.618.2 1.523.024 1.916-.456l1.01 1.041z" fill="#00303C"></path></svg></span></span></span></div><div class="label-container"><div><ul></ul></div></div></div><div class="co-item__col3 co-item__col3--rest-in-shelf"><div class="co-item__price-container co-item__price-container--rest-in-shelf"><div><span class="co-product__was-price"><span class="co-product__hidden-label">was &nbsp;</span>£2.48</span><strong class="co-product__price"><span class="co-product__hidden-label"> now </span>£2.34</strong><p class="co-item__price-per-uom-msg"><span class="co-product__price-per-uom">(£11.70/kg)</span></p></div></div><div class="co-item__quantity-container co-item__quantity-container--rest-in-shelf"><div class="co-item__quantity-container"><div class="quantity-button"><div class="add-button-with-tooltip"><div class="tooltip-wrapper"><button data-auto-id="btnAdd" type="button" class="asda-btn asda-btn--primary asda-btn--fluid add-button" aria-label="Add item ASDA Crispy Tempura Battered Haddock Goujons to cart" data-di-id="di-id-bd5e14ce-b3d9e896">Add</button></div></div></div></div></div></div><div class="co-item__col4"><a class="asda-link asda-link--primary" data-auto-id="linkViewTheShelf" target="_self" href="/aisle/meat-poultry-fish/fish-seafood/breaded-fish-fishcakes/1215135760597-1215337195095-1215685462261" data-di-id="di-id-b88f03a4-60fdf865">View the shelf</a></div></div></div></li><li class=" co-item co-item--rest-in-shelf " style="order: 19;"><div><div class="co-product"><div class="co-item__col1 co-item__col1--rest-in-shelf"><button type="button" data-auto-id="linkProductImage" class="asda-link asda-link--primary asda-link--button" aria-disabled="false"><div class="thumbnail__image-container co-product__image co-product__image--rest-in-shelf co-item__image"><picture class="asda-image picture"><source type="image/webp" srcset="https://ui.assets-asda.com/dm/asdagroceries/5057172362264?$ProdList2x$=&amp;fmt=webp"><img alt="ASDA Tender 2 Whole Sea Bass" class="asda-img asda-image thumbnail__image" data-auto-id="" src="https://ui.assets-asda.com/dm/asdagroceries/5057172362264?$ProdList2x$=&amp;fmt=jpg" loading="lazy" title="ASDA Tender 2 Whole Sea Bass"></picture></div></button><div class="co-item__items-container"><div class="co-item-fsl__favourites-image-container co-item__items" role="presentation" data-auto-id="favouritesAndShoppingList"><div class="context-wrapper"><button data-auto-id="" type="button" class="asda-btn asda-btn--plain asda-btn--icon co-item-fsl__favourites-button" aria-label="options for favourite shopping list" aria-expanded="false"><span role="img" data-auto-id="" class="asda-icon asda-icon--white asda-icon--regular asda-icon--rotate0 co-item-fsl__favourites-image co-item__items"><svg viewBox="0 0 35 23" xmlns="http://www.w3.org/2000/svg" xmlns:xlink="http://www.w3.org/1999/xlink" data-di-res-id="b6b5dbd-c76758d6" data-di-rand="1750009195268"><defs><path id="asda_fav_list_1" d="M7.02 2C7 2.344 7 2.685 7 3h6c0-.315 0-.656-.02-1H18c1 0 2 .784 2 1.667v17.667C20 22.167 19 23 18 23H2c-1 0-2-.833-2-1.666V3.667C0 2.833 1 2 2 2h5.02zM12 2H8c0-1 1-2 2-2s2 1 2 2zM7 17v2h10v-2H7zm-4-5v2h2v-2H3zm0-5v2h2V7H3zm0 10v2h2v-2H3zm4-5v2h10v-2H7zm0-5v2h10V7H7z"></path><path id="asda_fav_list_2" d="M24 21c-1.818-1.8-10-7.65-10-12.6C14 5.7 15.818 3 19 3c2 0 4 .82 5 3.295C25 3.82 27 3 29 3c3.182 0 5 2.7 5 5.4 0 4.95-8.182 10.8-10 12.6z"></path></defs><g class="asda-icon__draw" fill="none" fill-rule="evenodd"><use fill="#3d3d3d" xlink:href="#asda_fav_list_1"></use><use class="asda-icon__draw" fill="#FFF" stroke="#3d3d3d" stroke-width="1.9" xlink:href="#asda_fav_list_2"></use></g></svg></span></button></div></div><div class="co-item__volume-container co-item__items"><span class="co-product__volume co-item__volume">420g      </span></div></div></div><div class="co-item__col2 co-item__col2--rest-in-shelf co-item__col2--has-icon-list"><div class="co-item__title-container co-item__title-container--rest-in-shelf"><h3 class="co-product__title"><a class="co-product__anchor" data-auto-id="linkProductTitle" href="/product/cod-haddock-white-fish/asda-tender-2-whole-sea-bass/1000219542561" data-di-id="di-id-c3dae7b7-53c89d49">ASDA Tender 2 Whole Sea Bass</a></h3></div><div class="co-item__rating-container"><button type="button" data-auto-id="linkProductRating" class="asda-link asda-link--primary asda-link--button co-product__rating" aria-disabled="false" aria-label="3.7 stars out of 5 based on 50+ reviews, you will be taken to the reviews on clicking this" data-di-id="di-id-f9fe053c-665ea5f8"><div class="rating-stars"><div style="width: 74%;" class="rating-stars__stars rating-stars__stars--top" aria-hidden="true"><span aria-hidden="true">★</span><span aria-hidden="true">★</span><span aria-hidden="true">★</span><span aria-hidden="true">★</span><span aria-hidden="true">★</span></div><div class="rating-stars__stars rating-stars__stars--bottom" aria-hidden="true"><span aria-hidden="true">☆</span><span aria-hidden="true">☆</span><span aria-hidden="true">☆</span><span aria-hidden="true">☆</span><span aria-hidden="true">☆</span></div></div><span class="co-product__review-count" aria-hidden="true">(50+)</span></button></div><div class="co-item__bundled-item-count-container"></div><div class="co-item__promo-container co-item__promo-container--rest-in-shelf"><span data-auto-id="secondaryPromoBanner" class="co-product__promo co-product__promo--rollback co-product__promo--rest-in-shelf" title="Rollback"><span class="co-product__promo-text"><span role="img" data-auto-id="" class="asda-icon asda-icon--charcoal asda-icon--regular asda-icon--rotate0 asda-icon--brand"><svg viewBox="0 0 93 20" fill="none" xmlns="http://www.w3.org/2000/svg" data-di-res-id="b6b5dbd-30018350" data-di-rand="1750009195268"><path d="M89.702 1.493V0H3.298v1.493A5.851 5.851 0 011.62 5.606C.508 6.732 0 8.333 0 9.966v.069c0 1.632.508 3.233 1.62 4.36a5.851 5.851 0 011.678 4.112V20h86.404v-1.493c0-1.538.597-3.018 1.677-4.113C92.492 13.268 93 11.667 93 10.034v-.069c0-1.632-.508-3.233-1.62-4.36a5.851 5.851 0 01-1.678-4.112z" fill="#FAED4A"></path><path d="M22.541 7.393c2.26 0 3.687 1.162 3.687 3.02 0 1.034-.424 1.852-1.162 2.357.778.937 1.323 2.187 1.547 3.557H24.04c-.208-1.025-.625-2.163-1.186-2.973h-1.09v2.973h-2.501V7.89a10.78 10.78 0 013.27-.497h.008zm-.008 4.095c.673 0 1.122-.441 1.122-1.074 0-.721-.352-1.026-1.05-1.026-.272 0-.577.04-.833.152v1.948h.761zm15.014-3.895h2.5v6.739h2.814v1.995h-5.306V7.593h-.008zm6.132 0h2.5v6.739h2.814v1.995h-5.306V7.593h-.008zm9.25-.2c2.132 0 3.35.85 3.35 2.396 0 .737-.336 1.346-1.09 1.763.962.288 1.516 1.097 1.516 1.987 0 1.747-1.227 2.796-3.463 2.796H49.81V7.89a9.626 9.626 0 013.118-.497zm.056 3.718c.633 0 1.122-.248 1.122-.898 0-.512-.328-.849-1.034-.849-.328 0-.577.048-.825.136v1.61h.737zm.12 3.245c.674 0 1.123-.24 1.123-.873 0-.497-.209-.834-1.034-.834h-.946v1.707h.857zm4.145-.2c0-1.931 1.515-2.893 4.697-2.997.176-.978-.249-1.77-.946-1.77s-1.122.488-1.25 1.37l-2.421-.498c.352-1.858 1.675-2.868 3.783-2.868 2.108 0 3.335 1.234 3.335 3.445v5.465h-2.501V15.27c-.497.834-1.25 1.258-2.245 1.258-1.426 0-2.444-1.001-2.444-2.371h-.008zm3.398.352c.81 0 1.283-.633 1.283-1.738v-.177c-1.37 0-2.108.449-2.108 1.17 0 .44.336.737.825.737v.008zm4.641-2.54c0-2.868 1.523-4.583 4.08-4.583 1.852 0 3.11 1.034 3.576 2.949l-2.445.609c-.153-.962-.553-1.483-1.139-1.483-.978 0-1.499.874-1.499 2.5 0 1.627.465 2.5 1.347 2.5.697 0 1.034-.408 1.339-1.634l2.22.849c-.489 1.899-1.7 2.86-3.583 2.86-2.42 0-3.896-1.722-3.896-4.559v-.008zm8.353-4.375h2.5v3.318l1.909-3.334H81l-2.758 4.19c1.034.746 2.325 2.67 2.637 4.56H78.18c-.425-1.594-1.339-2.868-2.036-3.373v3.373h-2.501V7.593zM14.268 6.2l.24-.378c.185-.56.041-1.41-.08-1.834l-2.091.528c.336 1.17.176 3.19-.337 4.88 1.74-.48 3.775-.256 5.026.176l.537-1.923c-.224-.096-1.37-.44-2.028-.248l-.064.272" fill="#00303C"></path><path d="M31.51 6.744c-4.176.73-6.276 6.17-1.947 8.221 1.57.697 3.55.032 4.729-1.242 1.267-1.306 1.403-3.157.721-4.784-1.523-3.621-5.987-4.535-9.659-4.463-3.92.048-7.831 1.475-10.693 4.143l-1.78-1.875C16.209 3.579 20.81 1.976 25.339 2c3.335-.008 7.094.697 9.667 3.117 1.804 1.675 2.854 4.183 2.47 6.675-.698 4.535-6.798 7.1-10.085 3.526-3.254-3.43-.336-8.702 4.12-8.582v.008z" fill="#00303C"></path><path d="M30.853 10.502c.112-.12.2-.273.256-.449.152-.52-.072-1.057-.505-1.186-.44-.128-.922.193-1.074.713a1.117 1.117 0 00-.024.537s.36-.056.713.04a1.8 1.8 0 01.634.345zm2.373.633c.112-.12.2-.272.256-.44.153-.522-.072-1.058-.505-1.187-.433-.128-.914.193-1.074.714-.056.184-.056.36-.024.536 0 0 .36-.056.713.04.353.097.634.345.634.345m.056 2.083c-1.387 1.13-3.671.778-4.489-.8-.248-.49-.32-1.019-.32-1.515l.553-.024c.112.8.545 1.538 1.33 1.754.618.2 1.523.024 1.916-.456l1.01 1.041z" fill="#00303C"></path></svg></span></span></span></div><div class="label-container"><div><ul><div class="co-item__icon-list-container"><ul class="co-product__promo-icon-list co-item__promo-icon-list co-item__promo-icon-list--list-position"><li class="co-product__promo-icon-item"><div class="co-product__promo-icon-image-cntr"><button data-auto-id="btnPromo" type="button" class="asda-btn asda-btn--plain co-product__promo-icon-button" aria-label="show information on Typically fresh for 4 days"><picture class="asda-image picture"><source srcset="https://ui.assets-asda.com/dm/produce-4-days-icon?$Icon-wapp2x$="><img alt="Typically fresh for 4 days" class="asda-img asda-image co-product__promo-icon-img" data-auto-id="" src="https://ui.assets-asda.com/dm/produce-4-days-icon?$Icon-wapp2x$=" loading="lazy" title="Typically fresh for 4 days"></picture></button></div></li><li class="co-product__promo-icon-item"><div class="co-product__promo-icon-image-cntr"><button data-auto-id="btnPromo" type="button" class="asda-btn asda-btn--plain co-product__promo-icon-button" aria-label="show information on Live Better"><picture class="asda-image picture"><source srcset="https://ui.assets-asda.com/dm/_923_LiveBetter_Update?$Icon-wapp2x$="><img alt="Live Better" class="asda-img asda-image co-product__promo-icon-img" data-auto-id="" src="https://ui.assets-asda.com/dm/_923_LiveBetter_Update?$Icon-wapp2x$=" loading="lazy" title="Live Better"></picture></button></div></li><li class="co-product__promo-icon-item"><div class="co-product__promo-icon-image-cntr"><button data-auto-id="btnPromo" type="button" class="asda-btn asda-btn--plain co-product__promo-icon-button" aria-label="show information on Quality Food Award Highly Commended 2021"><picture class="asda-image picture"><source srcset="https://ui.assets-asda.com/dm/_261_QFAHighlyCommended2021?$icon-wapp$=&amp;$Icon-wapp2x$="><img alt="Quality Food Award Highly Commended 2021" class="asda-img asda-image co-product__promo-icon-img" data-auto-id="" src="https://ui.assets-asda.com/dm/_261_QFAHighlyCommended2021?$icon-wapp$=&amp;$Icon-wapp2x$=" loading="lazy" title="Quality Food Award Highly Commended 2021"></picture></button></div></li></ul></div></ul></div></div></div><div class="co-item__col3 co-item__col3--rest-in-shelf"><div class="co-item__price-container co-item__price-container--rest-in-shelf"><div><span class="co-product__was-price"><span class="co-product__hidden-label">was &nbsp;</span>£4.98</span><strong class="co-product__price"><span class="co-product__hidden-label"> now </span>£4.73</strong><p class="co-item__price-per-uom-msg"><span class="co-product__price-per-uom">(£11.26/kg)</span></p></div></div><div class="co-item__quantity-container co-item__quantity-container--rest-in-shelf"><div class="co-item__quantity-container"><div class="quantity-button"><div class="add-button-with-tooltip"><div class="tooltip-wrapper"><button data-auto-id="btnAdd" type="button" class="asda-btn asda-btn--primary asda-btn--fluid add-button" aria-label="Add item ASDA Tender 2 Whole Sea Bass to cart" data-di-id="di-id-bd5e14ce-b3d9e896">Add</button></div></div></div></div></div></div><div class="co-item__col4"><a class="asda-link asda-link--primary" data-auto-id="linkViewTheShelf" target="_self" href="/aisle/meat-poultry-fish/fish-seafood/cod-haddock-white-fish/1215135760597-1215337195095-1215685901161" data-di-id="di-id-b88f03a4-7ac89c7f">View the shelf</a></div></div></div></li><li class=" co-item co-item--rest-in-shelf " style="order: 20;"><div><div class="co-product"><div class="co-item__col1 co-item__col1--rest-in-shelf"><button type="button" data-auto-id="linkProductImage" class="asda-link asda-link--primary asda-link--button" aria-disabled="false"><div class="thumbnail__image-container co-product__image co-product__image--rest-in-shelf co-item__image"><picture class="asda-image picture"><source type="image/webp" srcset="https://ui.assets-asda.com/dm/asdagroceries/5000116126033?$ProdList2x$=&amp;fmt=webp"><img alt="Birds Eye Captain's Discoveries 2 Lightly Dusted Fish Fillets with Lemon &amp; Cracked Black Pepper" class="asda-img asda-image thumbnail__image" data-auto-id="" src="https://ui.assets-asda.com/dm/asdagroceries/5000116126033?$ProdList2x$=&amp;fmt=jpg" loading="lazy" title="Birds Eye Captain's Discoveries 2 Lightly Dusted Fish Fillets with Lemon &amp; Cracked Black Pepper"></picture></div></button><div class="co-item__items-container"><div class="co-item-fsl__favourites-image-container co-item__items" role="presentation" data-auto-id="favouritesAndShoppingList"><div class="context-wrapper"><button data-auto-id="" type="button" class="asda-btn asda-btn--plain asda-btn--icon co-item-fsl__favourites-button" aria-label="options for favourite shopping list" aria-expanded="false"><span role="img" data-auto-id="" class="asda-icon asda-icon--white asda-icon--regular asda-icon--rotate0 co-item-fsl__favourites-image co-item__items"><svg viewBox="0 0 35 23" xmlns="http://www.w3.org/2000/svg" xmlns:xlink="http://www.w3.org/1999/xlink" data-di-res-id="b6b5dbd-3fa2efae" data-di-rand="1750009195268"><defs><path id="asda_fav_list_1" d="M7.02 2C7 2.344 7 2.685 7 3h6c0-.315 0-.656-.02-1H18c1 0 2 .784 2 1.667v17.667C20 22.167 19 23 18 23H2c-1 0-2-.833-2-1.666V3.667C0 2.833 1 2 2 2h5.02zM12 2H8c0-1 1-2 2-2s2 1 2 2zM7 17v2h10v-2H7zm-4-5v2h2v-2H3zm0-5v2h2V7H3zm0 10v2h2v-2H3zm4-5v2h10v-2H7zm0-5v2h10V7H7z"></path><path id="asda_fav_list_2" d="M24 21c-1.818-1.8-10-7.65-10-12.6C14 5.7 15.818 3 19 3c2 0 4 .82 5 3.295C25 3.82 27 3 29 3c3.182 0 5 2.7 5 5.4 0 4.95-8.182 10.8-10 12.6z"></path></defs><g class="asda-icon__draw" fill="none" fill-rule="evenodd"><use fill="#3d3d3d" xlink:href="#asda_fav_list_1"></use><use class="asda-icon__draw" fill="#FFF" stroke="#3d3d3d" stroke-width="1.9" xlink:href="#asda_fav_list_2"></use></g></svg></span></button></div></div><div class="co-item__volume-container co-item__items"><span class="co-product__volume co-item__volume">280g      </span></div></div></div><div class="co-item__col2 co-item__col2--rest-in-shelf co-item__col2--has-icon-list"><div class="co-item__title-container co-item__title-container--rest-in-shelf"><h3 class="co-product__title"><a class="co-product__anchor" data-auto-id="linkProductTitle" href="/product/battered-breaded-fish/birds-eye-captains-discoveries-2-lightly-dusted-fish-fillets-with-lemon-cracked-black-pepper/1000320174059" data-di-id="di-id-37560db0-1681dc7a">Birds Eye Captain's Discoveries 2 Lightly Dusted Fish Fillets with Lemon &amp; Cracked Black Pepper</a></h3></div><div class="co-item__rating-container"><button type="button" data-auto-id="linkProductRating" class="asda-link asda-link--primary asda-link--button co-product__rating" aria-disabled="false" aria-label="4.44 stars out of 5 based on 25 reviews, you will be taken to the reviews on clicking this" data-di-id="di-id-f9fe053c-c1c2c139"><div class="rating-stars"><div style="width: 88.8%;" class="rating-stars__stars rating-stars__stars--top" aria-hidden="true"><span aria-hidden="true">★</span><span aria-hidden="true">★</span><span aria-hidden="true">★</span><span aria-hidden="true">★</span><span aria-hidden="true">★</span></div><div class="rating-stars__stars rating-stars__stars--bottom" aria-hidden="true"><span aria-hidden="true">☆</span><span aria-hidden="true">☆</span><span aria-hidden="true">☆</span><span aria-hidden="true">☆</span><span aria-hidden="true">☆</span></div></div><span class="co-product__review-count" aria-hidden="true">(25)</span></button></div><div class="co-item__bundled-item-count-container"></div><div class="co-item__promo-container co-item__promo-container--rest-in-shelf"><span data-auto-id="secondaryPromoBanner" class="co-product__promo co-product__promo--rollback co-product__promo--rest-in-shelf" title="Rollback"><span class="co-product__promo-text"><span role="img" data-auto-id="" class="asda-icon asda-icon--charcoal asda-icon--regular asda-icon--rotate0 asda-icon--brand"><svg viewBox="0 0 93 20" fill="none" xmlns="http://www.w3.org/2000/svg" data-di-res-id="b6b5dbd-d1d5626d" data-di-rand="1750009195268"><path d="M89.702 1.493V0H3.298v1.493A5.851 5.851 0 011.62 5.606C.508 6.732 0 8.333 0 9.966v.069c0 1.632.508 3.233 1.62 4.36a5.851 5.851 0 011.678 4.112V20h86.404v-1.493c0-1.538.597-3.018 1.677-4.113C92.492 13.268 93 11.667 93 10.034v-.069c0-1.632-.508-3.233-1.62-4.36a5.851 5.851 0 01-1.678-4.112z" fill="#FAED4A"></path><path d="M22.541 7.393c2.26 0 3.687 1.162 3.687 3.02 0 1.034-.424 1.852-1.162 2.357.778.937 1.323 2.187 1.547 3.557H24.04c-.208-1.025-.625-2.163-1.186-2.973h-1.09v2.973h-2.501V7.89a10.78 10.78 0 013.27-.497h.008zm-.008 4.095c.673 0 1.122-.441 1.122-1.074 0-.721-.352-1.026-1.05-1.026-.272 0-.577.04-.833.152v1.948h.761zm15.014-3.895h2.5v6.739h2.814v1.995h-5.306V7.593h-.008zm6.132 0h2.5v6.739h2.814v1.995h-5.306V7.593h-.008zm9.25-.2c2.132 0 3.35.85 3.35 2.396 0 .737-.336 1.346-1.09 1.763.962.288 1.516 1.097 1.516 1.987 0 1.747-1.227 2.796-3.463 2.796H49.81V7.89a9.626 9.626 0 013.118-.497zm.056 3.718c.633 0 1.122-.248 1.122-.898 0-.512-.328-.849-1.034-.849-.328 0-.577.048-.825.136v1.61h.737zm.12 3.245c.674 0 1.123-.24 1.123-.873 0-.497-.209-.834-1.034-.834h-.946v1.707h.857zm4.145-.2c0-1.931 1.515-2.893 4.697-2.997.176-.978-.249-1.77-.946-1.77s-1.122.488-1.25 1.37l-2.421-.498c.352-1.858 1.675-2.868 3.783-2.868 2.108 0 3.335 1.234 3.335 3.445v5.465h-2.501V15.27c-.497.834-1.25 1.258-2.245 1.258-1.426 0-2.444-1.001-2.444-2.371h-.008zm3.398.352c.81 0 1.283-.633 1.283-1.738v-.177c-1.37 0-2.108.449-2.108 1.17 0 .44.336.737.825.737v.008zm4.641-2.54c0-2.868 1.523-4.583 4.08-4.583 1.852 0 3.11 1.034 3.576 2.949l-2.445.609c-.153-.962-.553-1.483-1.139-1.483-.978 0-1.499.874-1.499 2.5 0 1.627.465 2.5 1.347 2.5.697 0 1.034-.408 1.339-1.634l2.22.849c-.489 1.899-1.7 2.86-3.583 2.86-2.42 0-3.896-1.722-3.896-4.559v-.008zm8.353-4.375h2.5v3.318l1.909-3.334H81l-2.758 4.19c1.034.746 2.325 2.67 2.637 4.56H78.18c-.425-1.594-1.339-2.868-2.036-3.373v3.373h-2.501V7.593zM14.268 6.2l.24-.378c.185-.56.041-1.41-.08-1.834l-2.091.528c.336 1.17.176 3.19-.337 4.88 1.74-.48 3.775-.256 5.026.176l.537-1.923c-.224-.096-1.37-.44-2.028-.248l-.064.272" fill="#00303C"></path><path d="M31.51 6.744c-4.176.73-6.276 6.17-1.947 8.221 1.57.697 3.55.032 4.729-1.242 1.267-1.306 1.403-3.157.721-4.784-1.523-3.621-5.987-4.535-9.659-4.463-3.92.048-7.831 1.475-10.693 4.143l-1.78-1.875C16.209 3.579 20.81 1.976 25.339 2c3.335-.008 7.094.697 9.667 3.117 1.804 1.675 2.854 4.183 2.47 6.675-.698 4.535-6.798 7.1-10.085 3.526-3.254-3.43-.336-8.702 4.12-8.582v.008z" fill="#00303C"></path><path d="M30.853 10.502c.112-.12.2-.273.256-.449.152-.52-.072-1.057-.505-1.186-.44-.128-.922.193-1.074.713a1.117 1.117 0 00-.024.537s.36-.056.713.04a1.8 1.8 0 01.634.345zm2.373.633c.112-.12.2-.272.256-.44.153-.522-.072-1.058-.505-1.187-.433-.128-.914.193-1.074.714-.056.184-.056.36-.024.536 0 0 .36-.056.713.04.353.097.634.345.634.345m.056 2.083c-1.387 1.13-3.671.778-4.489-.8-.248-.49-.32-1.019-.32-1.515l.553-.024c.112.8.545 1.538 1.33 1.754.618.2 1.523.024 1.916-.456l1.01 1.041z" fill="#00303C"></path></svg></span></span></span></div><div class="label-container"><div><ul><div class="co-item__icon-list-container"><ul class="co-product__promo-icon-list co-item__promo-icon-list co-item__promo-icon-list--list-position"><li class="co-product__promo-icon-item"><div class="co-product__promo-icon-image-cntr"><button data-auto-id="btnPromo" type="button" class="asda-btn asda-btn--plain co-product__promo-icon-button" aria-label="show information on Frozen"><picture class="asda-image picture"><source srcset="https://ui.assets-asda.com/dm/_046_frozen?$Icon-wapp2x$="><img alt="Frozen" class="asda-img asda-image co-product__promo-icon-img" data-auto-id="" src="https://ui.assets-asda.com/dm/_046_frozen?$Icon-wapp2x$=" loading="lazy" title="Frozen"></picture></button></div></li></ul></div></ul></div></div></div><div class="co-item__col3 co-item__col3--rest-in-shelf"><div class="co-item__price-container co-item__price-container--rest-in-shelf"><div><span class="co-product__was-price"><span class="co-product__hidden-label">was &nbsp;</span>£3.98</span><strong class="co-product__price"><span class="co-product__hidden-label"> now </span>£1.98</strong><p class="co-item__price-per-uom-msg"><span class="co-product__price-per-uom">(£7.07/kg)</span></p></div></div><div class="co-item__quantity-container co-item__quantity-container--rest-in-shelf"><div class="co-item__quantity-container"><div class="quantity-button"><div class="add-button-with-tooltip"><div class="tooltip-wrapper"><button data-auto-id="btnAdd" type="button" class="asda-btn asda-btn--primary asda-btn--fluid add-button" aria-label="Add item Birds Eye Captain's Discoveries 2 Lightly Dusted Fish Fillets with Lemon &amp; Cracked Black Pepper to cart" data-di-id="di-id-bd5e14ce-b3d9e896">Add</button></div></div></div></div></div></div><div class="co-item__col4"><a class="asda-link asda-link--primary" data-auto-id="linkViewTheShelf" target="_self" href="/shelf/frozen-food/chicken-meat-fish/frozen-fish/battered-breaded-fish/1215338621416-1215666947082-1215685961757-910000977050" data-di-id="di-id-85340ba2-5a4e7c17">View the shelf</a></div></div></div></li><li class=" co-item co-item--rest-in-shelf " style="order: 21;"><div><div class="co-product"><div class="co-item__col1 co-item__col1--rest-in-shelf"><button type="button" data-auto-id="linkProductImage" class="asda-link asda-link--primary asda-link--button" aria-disabled="false"><div class="thumbnail__image-container co-product__image co-product__image--rest-in-shelf co-item__image"><picture class="asda-image picture"><source type="image/webp" srcset="https://ui.assets-asda.com/dm/asdagroceries/5054070651537?$ProdList2x$=&amp;fmt=webp"><img alt="ASDA 30 Omega 3 Fish Fingers" class="asda-img asda-image thumbnail__image" data-auto-id="" src="https://ui.assets-asda.com/dm/asdagroceries/5054070651537?$ProdList2x$=&amp;fmt=jpg" loading="lazy" title="ASDA 30 Omega 3 Fish Fingers"></picture></div></button><div class="co-item__items-container"><div class="co-item-fsl__favourites-image-container co-item__items" role="presentation" data-auto-id="favouritesAndShoppingList"><div class="context-wrapper"><button data-auto-id="" type="button" class="asda-btn asda-btn--plain asda-btn--icon co-item-fsl__favourites-button" aria-label="options for favourite shopping list" aria-expanded="false"><span role="img" data-auto-id="" class="asda-icon asda-icon--white asda-icon--regular asda-icon--rotate0 co-item-fsl__favourites-image co-item__items"><svg viewBox="0 0 35 23" xmlns="http://www.w3.org/2000/svg" xmlns:xlink="http://www.w3.org/1999/xlink" data-di-res-id="b6b5dbd-91593ffd" data-di-rand="1750009195268"><defs><path id="asda_fav_list_1" d="M7.02 2C7 2.344 7 2.685 7 3h6c0-.315 0-.656-.02-1H18c1 0 2 .784 2 1.667v17.667C20 22.167 19 23 18 23H2c-1 0-2-.833-2-1.666V3.667C0 2.833 1 2 2 2h5.02zM12 2H8c0-1 1-2 2-2s2 1 2 2zM7 17v2h10v-2H7zm-4-5v2h2v-2H3zm0-5v2h2V7H3zm0 10v2h2v-2H3zm4-5v2h10v-2H7zm0-5v2h10V7H7z"></path><path id="asda_fav_list_2" d="M24 21c-1.818-1.8-10-7.65-10-12.6C14 5.7 15.818 3 19 3c2 0 4 .82 5 3.295C25 3.82 27 3 29 3c3.182 0 5 2.7 5 5.4 0 4.95-8.182 10.8-10 12.6z"></path></defs><g class="asda-icon__draw" fill="none" fill-rule="evenodd"><use fill="#3d3d3d" xlink:href="#asda_fav_list_1"></use><use class="asda-icon__draw" fill="#FFF" stroke="#3d3d3d" stroke-width="1.9" xlink:href="#asda_fav_list_2"></use></g></svg></span></button></div></div><div class="co-item__volume-container co-item__items"><span class="co-product__volume co-item__volume">900g      </span></div></div></div><div class="co-item__col2 co-item__col2--rest-in-shelf co-item__col2--has-icon-list"><div class="co-item__title-container co-item__title-container--rest-in-shelf"><h3 class="co-product__title"><a class="co-product__anchor" data-auto-id="linkProductTitle" href="/product/fish-fingers-shapes/asda-30-omega-3-fish-fingers/910002084077" data-di-id="di-id-da561fed-99fdef16">ASDA 30 Omega 3 Fish Fingers</a></h3></div><div class="co-item__rating-container"><button type="button" data-auto-id="linkProductRating" class="asda-link asda-link--primary asda-link--button co-product__rating" aria-disabled="false" aria-label="4.51 stars out of 5 based on 50+ reviews, you will be taken to the reviews on clicking this" data-di-id="di-id-f9fe053c-665ea5f8"><div class="rating-stars"><div style="width: 90.2%;" class="rating-stars__stars rating-stars__stars--top" aria-hidden="true"><span aria-hidden="true">★</span><span aria-hidden="true">★</span><span aria-hidden="true">★</span><span aria-hidden="true">★</span><span aria-hidden="true">★</span></div><div class="rating-stars__stars rating-stars__stars--bottom" aria-hidden="true"><span aria-hidden="true">☆</span><span aria-hidden="true">☆</span><span aria-hidden="true">☆</span><span aria-hidden="true">☆</span><span aria-hidden="true">☆</span></div></div><span class="co-product__review-count" aria-hidden="true">(50+)</span></button></div><div class="co-item__bundled-item-count-container"></div><div class="co-item__promo-container co-item__promo-container--rest-in-shelf"></div><div class="label-container"><div><ul><div class="co-item__icon-list-container"><ul class="co-product__promo-icon-list co-item__promo-icon-list co-item__promo-icon-list--list-position"><li class="co-product__promo-icon-item"><div class="co-product__promo-icon-image-cntr"><button data-auto-id="btnPromo" type="button" class="asda-btn asda-btn--plain co-product__promo-icon-button" aria-label="show information on Frozen"><picture class="asda-image picture"><source srcset="https://ui.assets-asda.com/dm/_046_frozen?$Icon-wapp2x$="><img alt="Frozen" class="asda-img asda-image co-product__promo-icon-img" data-auto-id="" src="https://ui.assets-asda.com/dm/_046_frozen?$Icon-wapp2x$=" loading="lazy" title="Frozen"></picture></button></div></li></ul></div></ul></div></div></div><div class="co-item__col3 co-item__col3--rest-in-shelf"><div class="co-item__price-container co-item__price-container--rest-in-shelf"><span class="co-item__price-per-uom"><strong class="co-product__price"><span class="co-product__hidden-label"> now </span>£3.28</strong><p class="co-item__price-per-uom-msg"><span class="co-product__price-per-uom">(£3.64/kg)</span></p></span></div><div class="co-item__quantity-container co-item__quantity-container--rest-in-shelf"><div class="co-item__quantity-container"><div class="quantity-button"><div class="add-button-with-tooltip"><div class="tooltip-wrapper"><button data-auto-id="btnAdd" type="button" class="asda-btn asda-btn--primary asda-btn--fluid add-button" aria-label="Add item ASDA 30 Omega 3 Fish Fingers to cart" data-di-id="di-id-bd5e14ce-b3d9e896">Add</button></div></div></div></div></div></div><div class="co-item__col4"><a class="asda-link asda-link--primary" data-auto-id="linkViewTheShelf" target="_self" href="/shelf/frozen-food/chicken-meat-fish/frozen-fish/fish-fingers-shapes/1215338621416-1215666947082-1215685961757-910001112636" data-di-id="di-id-5e510a12-5c954c41">View the shelf</a></div></div></div></li><li class=" co-item co-item--rest-in-shelf " style="order: 22;"><div><div class="co-product"><div class="co-item__col1 co-item__col1--rest-in-shelf"><button type="button" data-auto-id="linkProductImage" class="asda-link asda-link--primary asda-link--button" aria-disabled="false"><div class="thumbnail__image-container co-product__image co-product__image--rest-in-shelf co-item__image"><picture class="asda-image picture"><source type="image/webp" srcset="https://ui.assets-asda.com/dm/asdagroceries/5000116129393?$ProdList2x$=&amp;fmt=webp"><img alt="Birds Eye Captain's Discoveries 2 Tortilla Crumb Mexican Inspired Fish Fillets 220g" class="asda-img asda-image thumbnail__image" data-auto-id="" src="https://ui.assets-asda.com/dm/asdagroceries/5000116129393?$ProdList2x$=&amp;fmt=jpg" loading="lazy" title="Birds Eye Captain's Discoveries 2 Tortilla Crumb Mexican Inspired Fish Fillets 220g"></picture></div></button><div class="co-item__items-container"><div class="co-item-fsl__favourites-image-container co-item__items" role="presentation" data-auto-id="favouritesAndShoppingList"><div class="context-wrapper"><button data-auto-id="" type="button" class="asda-btn asda-btn--plain asda-btn--icon co-item-fsl__favourites-button" aria-label="options for favourite shopping list" aria-expanded="false"><span role="img" data-auto-id="" class="asda-icon asda-icon--white asda-icon--regular asda-icon--rotate0 co-item-fsl__favourites-image co-item__items"><svg viewBox="0 0 35 23" xmlns="http://www.w3.org/2000/svg" xmlns:xlink="http://www.w3.org/1999/xlink" data-di-res-id="be2a86f0-60c933ef" data-di-rand="1750009195269"><defs><path id="asda_fav_list_1" d="M7.02 2C7 2.344 7 2.685 7 3h6c0-.315 0-.656-.02-1H18c1 0 2 .784 2 1.667v17.667C20 22.167 19 23 18 23H2c-1 0-2-.833-2-1.666V3.667C0 2.833 1 2 2 2h5.02zM12 2H8c0-1 1-2 2-2s2 1 2 2zM7 17v2h10v-2H7zm-4-5v2h2v-2H3zm0-5v2h2V7H3zm0 10v2h2v-2H3zm4-5v2h10v-2H7zm0-5v2h10V7H7z"></path><path id="asda_fav_list_2" d="M24 21c-1.818-1.8-10-7.65-10-12.6C14 5.7 15.818 3 19 3c2 0 4 .82 5 3.295C25 3.82 27 3 29 3c3.182 0 5 2.7 5 5.4 0 4.95-8.182 10.8-10 12.6z"></path></defs><g class="asda-icon__draw" fill="none" fill-rule="evenodd"><use fill="#3d3d3d" xlink:href="#asda_fav_list_1"></use><use class="asda-icon__draw" fill="#FFF" stroke="#3d3d3d" stroke-width="1.9" xlink:href="#asda_fav_list_2"></use></g></svg></span></button></div></div><div class="co-item__volume-container co-item__items"><span class="co-product__volume co-item__volume">220g      </span></div></div></div><div class="co-item__col2 co-item__col2--rest-in-shelf co-item__col2--has-icon-list"><div class="co-item__title-container co-item__title-container--rest-in-shelf"><h3 class="co-product__title"><a class="co-product__anchor" data-auto-id="linkProductTitle" href="/product/battered-breaded-fish/birds-eye-captains-discoveries-2-tortilla-crumb-mexican-inspired-fish-fillets-220-g/1000383267585" data-di-id="di-id-37e0dc0b-5fe88432">Birds Eye Captain's Discoveries 2 Tortilla Crumb Mexican Inspired Fish Fillets 220g</a></h3></div><div class="co-item__rating-container"><button type="button" data-auto-id="linkProductRating" class="asda-link asda-link--primary asda-link--button co-product__rating" aria-disabled="false" aria-label="4.5 stars out of 5 based on 20 reviews, you will be taken to the reviews on clicking this" data-di-id="di-id-f9fe053c-bcb5357c"><div class="rating-stars"><div style="width: 90%;" class="rating-stars__stars rating-stars__stars--top" aria-hidden="true"><span aria-hidden="true">★</span><span aria-hidden="true">★</span><span aria-hidden="true">★</span><span aria-hidden="true">★</span><span aria-hidden="true">★</span></div><div class="rating-stars__stars rating-stars__stars--bottom" aria-hidden="true"><span aria-hidden="true">☆</span><span aria-hidden="true">☆</span><span aria-hidden="true">☆</span><span aria-hidden="true">☆</span><span aria-hidden="true">☆</span></div></div><span class="co-product__review-count" aria-hidden="true">(20)</span></button></div><div class="co-item__bundled-item-count-container"></div><div class="co-item__promo-container co-item__promo-container--rest-in-shelf"><span data-auto-id="secondaryPromoBanner" class="co-product__promo co-product__promo--new co-product__promo--rest-in-shelf" title="New"><span class="co-product__promo-text">New</span></span></div><div class="label-container"><div><ul><div class="co-item__icon-list-container"><ul class="co-product__promo-icon-list co-item__promo-icon-list co-item__promo-icon-list--list-position"><li class="co-product__promo-icon-item"><div class="co-product__promo-icon-image-cntr"><button data-auto-id="btnPromo" type="button" class="asda-btn asda-btn--plain co-product__promo-icon-button" aria-label="show information on Frozen"><picture class="asda-image picture"><source srcset="https://ui.assets-asda.com/dm/_046_frozen?$Icon-wapp2x$="><img alt="Frozen" class="asda-img asda-image co-product__promo-icon-img" data-auto-id="" src="https://ui.assets-asda.com/dm/_046_frozen?$Icon-wapp2x$=" loading="lazy" title="Frozen"></picture></button></div></li><li class="co-product__promo-icon-item"><div class="co-product__promo-icon-image-cntr"><button data-auto-id="btnPromo" type="button" class="asda-btn asda-btn--plain co-product__promo-icon-button" aria-label="show information on Follow Air Fryer Manufacturer’s Instructions for Cooking Guidelines."><picture class="asda-image picture"><source srcset="https://ui.assets-asda.com/dm/Air-Fryer-Online-Icon?$Icon-wapp$=&amp;$Icon-wapp2x$="><img alt="Follow Air Fryer Manufacturer’s Instructions for Cooking Guidelines." class="asda-img asda-image co-product__promo-icon-img" data-auto-id="" src="https://ui.assets-asda.com/dm/Air-Fryer-Online-Icon?$Icon-wapp$=&amp;$Icon-wapp2x$=" loading="lazy" title="Follow Air Fryer Manufacturer’s Instructions for Cooking Guidelines."></picture></button></div></li></ul></div></ul></div></div></div><div class="co-item__col3 co-item__col3--rest-in-shelf"><div class="co-item__price-container co-item__price-container--rest-in-shelf"><span class="co-item__price-per-uom"><strong class="co-product__price"><span class="co-product__hidden-label"> now </span>£3.98</strong><p class="co-item__price-per-uom-msg"><span class="co-product__price-per-uom">(£18.09/kg)</span></p></span></div><div class="co-item__quantity-container co-item__quantity-container--rest-in-shelf"><div class="co-item__quantity-container"><div class="quantity-button"><div class="add-button-with-tooltip"><div class="tooltip-wrapper"><button data-auto-id="btnAdd" type="button" class="asda-btn asda-btn--primary asda-btn--fluid add-button" aria-label="Add item Birds Eye Captain's Discoveries 2 Tortilla Crumb Mexican Inspired Fish Fillets 220g to cart" data-di-id="di-id-bd5e14ce-b3d9e896">Add</button></div></div></div></div></div></div><div class="co-item__col4"><a class="asda-link asda-link--primary" data-auto-id="linkViewTheShelf" target="_self" href="/shelf/frozen-food/chicken-meat-fish/frozen-fish/battered-breaded-fish/1215338621416-1215666947082-1215685961757-910000977050" data-di-id="di-id-85340ba2-5a4e7c17">View the shelf</a></div></div></div></li><li class=" co-item co-item--rest-in-shelf " style="order: 23;"><div><div class="co-product"><div class="co-item__col1 co-item__col1--rest-in-shelf"><button type="button" data-auto-id="linkProductImage" class="asda-link asda-link--primary asda-link--button" aria-disabled="false"><div class="thumbnail__image-container co-product__image co-product__image--rest-in-shelf co-item__image"><picture class="asda-image picture"><source type="image/webp" srcset="https://ui.assets-asda.com/dm/asdagroceries/5000205034546?$ProdList2x$=&amp;fmt=webp"><img alt="Young's 10 Flipper Dippers" class="asda-img asda-image thumbnail__image" data-auto-id="" src="https://ui.assets-asda.com/dm/asdagroceries/5000205034546?$ProdList2x$=&amp;fmt=jpg" loading="lazy" title="Young's 10 Flipper Dippers"></picture></div></button><div class="co-item__items-container"><div class="co-item-fsl__favourites-image-container co-item__items" role="presentation" data-auto-id="favouritesAndShoppingList"><div class="context-wrapper"><button data-auto-id="" type="button" class="asda-btn asda-btn--plain asda-btn--icon co-item-fsl__favourites-button" aria-label="options for favourite shopping list" aria-expanded="false"><span role="img" data-auto-id="" class="asda-icon asda-icon--white asda-icon--regular asda-icon--rotate0 co-item-fsl__favourites-image co-item__items"><svg viewBox="0 0 35 23" xmlns="http://www.w3.org/2000/svg" xmlns:xlink="http://www.w3.org/1999/xlink" data-di-res-id="b3d73ad8-cda58f93" data-di-rand="1750009195269"><defs><path id="asda_fav_list_1" d="M7.02 2C7 2.344 7 2.685 7 3h6c0-.315 0-.656-.02-1H18c1 0 2 .784 2 1.667v17.667C20 22.167 19 23 18 23H2c-1 0-2-.833-2-1.666V3.667C0 2.833 1 2 2 2h5.02zM12 2H8c0-1 1-2 2-2s2 1 2 2zM7 17v2h10v-2H7zm-4-5v2h2v-2H3zm0-5v2h2V7H3zm0 10v2h2v-2H3zm4-5v2h10v-2H7zm0-5v2h10V7H7z"></path><path id="asda_fav_list_2" d="M24 21c-1.818-1.8-10-7.65-10-12.6C14 5.7 15.818 3 19 3c2 0 4 .82 5 3.295C25 3.82 27 3 29 3c3.182 0 5 2.7 5 5.4 0 4.95-8.182 10.8-10 12.6z"></path></defs><g class="asda-icon__draw" fill="none" fill-rule="evenodd"><use fill="#3d3d3d" xlink:href="#asda_fav_list_1"></use><use class="asda-icon__draw" fill="#FFF" stroke="#3d3d3d" stroke-width="1.9" xlink:href="#asda_fav_list_2"></use></g></svg></span></button></div></div><div class="co-item__volume-container co-item__items"><span class="co-product__volume co-item__volume">250g      </span></div></div></div><div class="co-item__col2 co-item__col2--rest-in-shelf co-item__col2--has-icon-list"><div class="co-item__title-container co-item__title-container--rest-in-shelf"><h3 class="co-product__title"><a class="co-product__anchor" data-auto-id="linkProductTitle" href="/product/fish-fingers-shapes/youngs-10-flipper-dippers/81900815" data-di-id="di-id-b52f6e4a-c404a9e7">Young's 10 Flipper Dippers</a></h3></div><div class="co-item__rating-container"><button type="button" data-auto-id="linkProductRating" class="asda-link asda-link--primary asda-link--button co-product__rating" aria-disabled="false" aria-label="3.92 stars out of 5 based on 50+ reviews, you will be taken to the reviews on clicking this" data-di-id="di-id-f9fe053c-665ea5f8"><div class="rating-stars"><div style="width: 78.4%;" class="rating-stars__stars rating-stars__stars--top" aria-hidden="true"><span aria-hidden="true">★</span><span aria-hidden="true">★</span><span aria-hidden="true">★</span><span aria-hidden="true">★</span><span aria-hidden="true">★</span></div><div class="rating-stars__stars rating-stars__stars--bottom" aria-hidden="true"><span aria-hidden="true">☆</span><span aria-hidden="true">☆</span><span aria-hidden="true">☆</span><span aria-hidden="true">☆</span><span aria-hidden="true">☆</span></div></div><span class="co-product__review-count" aria-hidden="true">(50+)</span></button></div><div class="co-item__bundled-item-count-container"></div><div class="co-item__promo-container co-item__promo-container--rest-in-shelf"></div><div class="label-container"><div><ul><div class="co-item__icon-list-container"><ul class="co-product__promo-icon-list co-item__promo-icon-list co-item__promo-icon-list--list-position"><li class="co-product__promo-icon-item"><div class="co-product__promo-icon-image-cntr"><button data-auto-id="btnPromo" type="button" class="asda-btn asda-btn--plain co-product__promo-icon-button" aria-label="show information on Frozen"><picture class="asda-image picture"><source srcset="https://ui.assets-asda.com/dm/_046_frozen?$Icon-wapp2x$="><img alt="Frozen" class="asda-img asda-image co-product__promo-icon-img" data-auto-id="" src="https://ui.assets-asda.com/dm/_046_frozen?$Icon-wapp2x$=" loading="lazy" title="Frozen"></picture></button></div></li></ul></div></ul></div></div></div><div class="co-item__col3 co-item__col3--rest-in-shelf"><div class="co-item__price-container co-item__price-container--rest-in-shelf"><span class="co-item__price-per-uom"><strong class="co-product__price"><span class="co-product__hidden-label"> now </span>£1.50</strong><p class="co-item__price-per-uom-msg"><span class="co-product__price-per-uom">(£6.00/kg)</span></p></span></div><div class="co-item__quantity-container co-item__quantity-container--rest-in-shelf"><div class="co-item__quantity-container"><div class="quantity-button"><div class="add-button-with-tooltip"><div class="tooltip-wrapper"><button data-auto-id="btnAdd" type="button" class="asda-btn asda-btn--primary asda-btn--fluid add-button" aria-label="Add item Young's 10 Flipper Dippers to cart" data-di-id="di-id-bd5e14ce-b3d9e896">Add</button></div></div></div></div></div></div><div class="co-item__col4"><a class="asda-link asda-link--primary" data-auto-id="linkViewTheShelf" target="_self" href="/shelf/frozen-food/chicken-meat-fish/frozen-fish/fish-fingers-shapes/1215338621416-1215666947082-1215685961757-910001112636" data-di-id="di-id-5e510a12-5c954c41">View the shelf</a></div></div></div></li><li class=" co-item co-item--rest-in-shelf " style="order: 24;"><div><div class="co-product"><div class="co-item__col1 co-item__col1--rest-in-shelf"><button type="button" data-auto-id="linkProductImage" class="asda-link asda-link--primary asda-link--button" aria-disabled="false"><div class="thumbnail__image-container co-product__image co-product__image--rest-in-shelf co-item__image"><picture class="asda-image picture"><source type="image/webp" srcset="https://ui.assets-asda.com/dm/asdagroceries/5057172280247?$ProdList2x$=&amp;fmt=webp"><img alt="ASDA Tender 2 Sweet Chilli Salmon Fillets" class="asda-img asda-image thumbnail__image" data-auto-id="" src="https://ui.assets-asda.com/dm/asdagroceries/5057172280247?$ProdList2x$=&amp;fmt=jpg" loading="lazy" title="ASDA Tender 2 Sweet Chilli Salmon Fillets"></picture></div></button><div class="co-item__items-container"><div class="co-item-fsl__favourites-image-container co-item__items" role="presentation" data-auto-id="favouritesAndShoppingList"><div class="context-wrapper"><button data-auto-id="" type="button" class="asda-btn asda-btn--plain asda-btn--icon co-item-fsl__favourites-button" aria-label="options for favourite shopping list" aria-expanded="false"><span role="img" data-auto-id="" class="asda-icon asda-icon--white asda-icon--regular asda-icon--rotate0 co-item-fsl__favourites-image co-item__items"><svg viewBox="0 0 35 23" xmlns="http://www.w3.org/2000/svg" xmlns:xlink="http://www.w3.org/1999/xlink" data-di-res-id="b3d73ad8-e3c0bee2" data-di-rand="1750009195269"><defs><path id="asda_fav_list_1" d="M7.02 2C7 2.344 7 2.685 7 3h6c0-.315 0-.656-.02-1H18c1 0 2 .784 2 1.667v17.667C20 22.167 19 23 18 23H2c-1 0-2-.833-2-1.666V3.667C0 2.833 1 2 2 2h5.02zM12 2H8c0-1 1-2 2-2s2 1 2 2zM7 17v2h10v-2H7zm-4-5v2h2v-2H3zm0-5v2h2V7H3zm0 10v2h2v-2H3zm4-5v2h10v-2H7zm0-5v2h10V7H7z"></path><path id="asda_fav_list_2" d="M24 21c-1.818-1.8-10-7.65-10-12.6C14 5.7 15.818 3 19 3c2 0 4 .82 5 3.295C25 3.82 27 3 29 3c3.182 0 5 2.7 5 5.4 0 4.95-8.182 10.8-10 12.6z"></path></defs><g class="asda-icon__draw" fill="none" fill-rule="evenodd"><use fill="#3d3d3d" xlink:href="#asda_fav_list_1"></use><use class="asda-icon__draw" fill="#FFF" stroke="#3d3d3d" stroke-width="1.9" xlink:href="#asda_fav_list_2"></use></g></svg></span></button></div></div><div class="co-item__volume-container co-item__items"><span class="co-product__volume co-item__volume">255g      </span></div></div></div><div class="co-item__col2 co-item__col2--rest-in-shelf co-item__col2--has-icon-list"><div class="co-item__title-container co-item__title-container--rest-in-shelf"><h3 class="co-product__title"><a class="co-product__anchor" data-auto-id="linkProductTitle" href="/product/salmon/asda-tender-2-sweet-chilli-salmon-fillets/1000196515381" data-di-id="di-id-da561fed-94106b82">ASDA Tender 2 Sweet Chilli Salmon Fillets</a></h3></div><div class="co-item__rating-container"><button type="button" data-auto-id="linkProductRating" class="asda-link asda-link--primary asda-link--button co-product__rating" aria-disabled="false" aria-label="3.83 stars out of 5 based on 50+ reviews, you will be taken to the reviews on clicking this" data-di-id="di-id-f9fe053c-665ea5f8"><div class="rating-stars"><div style="width: 76.6%;" class="rating-stars__stars rating-stars__stars--top" aria-hidden="true"><span aria-hidden="true">★</span><span aria-hidden="true">★</span><span aria-hidden="true">★</span><span aria-hidden="true">★</span><span aria-hidden="true">★</span></div><div class="rating-stars__stars rating-stars__stars--bottom" aria-hidden="true"><span aria-hidden="true">☆</span><span aria-hidden="true">☆</span><span aria-hidden="true">☆</span><span aria-hidden="true">☆</span><span aria-hidden="true">☆</span></div></div><span class="co-product__review-count" aria-hidden="true">(50+)</span></button></div><div class="co-item__bundled-item-count-container"></div><div class="co-item__promo-container co-item__promo-container--rest-in-shelf"></div><div class="label-container"><div><ul><div class="co-item__icon-list-container"><ul class="co-product__promo-icon-list co-item__promo-icon-list co-item__promo-icon-list--list-position"><li class="co-product__promo-icon-item"><div class="co-product__promo-icon-image-cntr"><button data-auto-id="btnPromo" type="button" class="asda-btn asda-btn--plain co-product__promo-icon-button" aria-label="show information on Typically fresh for 3 days"><picture class="asda-image picture"><source srcset="https://ui.assets-asda.com/dm/produce-3-days-icon?$Icon-wapp2x$="><img alt="Typically fresh for 3 days" class="asda-img asda-image co-product__promo-icon-img" data-auto-id="" src="https://ui.assets-asda.com/dm/produce-3-days-icon?$Icon-wapp2x$=" loading="lazy" title="Typically fresh for 3 days"></picture></button></div></li><li class="co-product__promo-icon-item"><div class="co-product__promo-icon-image-cntr"><button data-auto-id="btnPromo" type="button" class="asda-btn asda-btn--plain co-product__promo-icon-button" aria-label="show information on Live Better"><picture class="asda-image picture"><source srcset="https://ui.assets-asda.com/dm/_923_LiveBetter_Update?$Icon-wapp2x$="><img alt="Live Better" class="asda-img asda-image co-product__promo-icon-img" data-auto-id="" src="https://ui.assets-asda.com/dm/_923_LiveBetter_Update?$Icon-wapp2x$=" loading="lazy" title="Live Better"></picture></button></div></li></ul></div></ul></div></div></div><div class="co-item__col3 co-item__col3--rest-in-shelf"><div class="co-item__price-container co-item__price-container--rest-in-shelf"><span class="co-item__price-per-uom"><strong class="co-product__price"><span class="co-product__hidden-label"> now </span>£5.30</strong><p class="co-item__price-per-uom-msg"><span class="co-product__price-per-uom">(£20.78/kg)</span></p></span></div><div class="co-item__quantity-container co-item__quantity-container--rest-in-shelf"><div class="co-item__quantity-container"><div class="quantity-button"><div class="add-button-with-tooltip"><div class="tooltip-wrapper"><button data-auto-id="btnAdd" type="button" class="asda-btn asda-btn--primary asda-btn--fluid add-button" aria-label="Add item ASDA Tender 2 Sweet Chilli Salmon Fillets to cart" data-di-id="di-id-bd5e14ce-b3d9e896">Add</button></div></div></div></div></div></div><div class="co-item__col4"><a class="asda-link asda-link--primary" data-auto-id="linkViewTheShelf" target="_self" href="/aisle/meat-poultry-fish/fish-seafood/salmon/1215135760597-1215337195095-1215685901159" data-di-id="di-id-9404a7e0-69a8840c">View the shelf</a></div></div></div></li><li class=" co-item co-item--rest-in-shelf " style="order: 25;"><div><div class="co-product"><div class="co-item__col1 co-item__col1--rest-in-shelf"><button type="button" data-auto-id="linkProductImage" class="asda-link asda-link--primary asda-link--button" aria-disabled="false"><div class="thumbnail__image-container co-product__image co-product__image--rest-in-shelf co-item__image"><picture class="asda-image picture"><source type="image/webp" srcset="https://ui.assets-asda.com/dm/asdagroceries/5057172362257?$ProdList2x$=&amp;fmt=webp"><img alt="ASDA Mild 2 Whole Sea Bream" class="asda-img asda-image thumbnail__image" data-auto-id="" src="https://ui.assets-asda.com/dm/asdagroceries/5057172362257?$ProdList2x$=&amp;fmt=jpg" loading="lazy" title="ASDA Mild 2 Whole Sea Bream"></picture></div></button><div class="co-item__items-container"><div class="co-item-fsl__favourites-image-container co-item__items" role="presentation" data-auto-id="favouritesAndShoppingList"><div class="context-wrapper"><button data-auto-id="" type="button" class="asda-btn asda-btn--plain asda-btn--icon co-item-fsl__favourites-button" aria-label="options for favourite shopping list" aria-expanded="false"><span role="img" data-auto-id="" class="asda-icon asda-icon--white asda-icon--regular asda-icon--rotate0 co-item-fsl__favourites-image co-item__items"><svg viewBox="0 0 35 23" xmlns="http://www.w3.org/2000/svg" xmlns:xlink="http://www.w3.org/1999/xlink" data-di-res-id="b3d73ad8-fc23d0e0" data-di-rand="1750009195269"><defs><path id="asda_fav_list_1" d="M7.02 2C7 2.344 7 2.685 7 3h6c0-.315 0-.656-.02-1H18c1 0 2 .784 2 1.667v17.667C20 22.167 19 23 18 23H2c-1 0-2-.833-2-1.666V3.667C0 2.833 1 2 2 2h5.02zM12 2H8c0-1 1-2 2-2s2 1 2 2zM7 17v2h10v-2H7zm-4-5v2h2v-2H3zm0-5v2h2V7H3zm0 10v2h2v-2H3zm4-5v2h10v-2H7zm0-5v2h10V7H7z"></path><path id="asda_fav_list_2" d="M24 21c-1.818-1.8-10-7.65-10-12.6C14 5.7 15.818 3 19 3c2 0 4 .82 5 3.295C25 3.82 27 3 29 3c3.182 0 5 2.7 5 5.4 0 4.95-8.182 10.8-10 12.6z"></path></defs><g class="asda-icon__draw" fill="none" fill-rule="evenodd"><use fill="#3d3d3d" xlink:href="#asda_fav_list_1"></use><use class="asda-icon__draw" fill="#FFF" stroke="#3d3d3d" stroke-width="1.9" xlink:href="#asda_fav_list_2"></use></g></svg></span></button></div></div><div class="co-item__volume-container co-item__items"><span class="co-product__volume co-item__volume">420g      </span></div></div></div><div class="co-item__col2 co-item__col2--rest-in-shelf co-item__col2--has-icon-list"><div class="co-item__title-container co-item__title-container--rest-in-shelf"><h3 class="co-product__title"><a class="co-product__anchor" data-auto-id="linkProductTitle" href="/product/cod-haddock-white-fish/asda-mild-2-whole-sea-bream/1000219542675" data-di-id="di-id-d90366b3-cd0fd308">ASDA Mild 2 Whole Sea Bream</a></h3></div><div class="co-item__rating-container"><button type="button" data-auto-id="linkProductRating" class="asda-link asda-link--primary asda-link--button co-product__rating" aria-disabled="false" aria-label="4.13 stars out of 5 based on 32 reviews, you will be taken to the reviews on clicking this" data-di-id="di-id-f9fe053c-8f413dc9"><div class="rating-stars"><div style="width: 82.6%;" class="rating-stars__stars rating-stars__stars--top" aria-hidden="true"><span aria-hidden="true">★</span><span aria-hidden="true">★</span><span aria-hidden="true">★</span><span aria-hidden="true">★</span><span aria-hidden="true">★</span></div><div class="rating-stars__stars rating-stars__stars--bottom" aria-hidden="true"><span aria-hidden="true">☆</span><span aria-hidden="true">☆</span><span aria-hidden="true">☆</span><span aria-hidden="true">☆</span><span aria-hidden="true">☆</span></div></div><span class="co-product__review-count" aria-hidden="true">(32)</span></button></div><div class="co-item__bundled-item-count-container"></div><div class="co-item__promo-container co-item__promo-container--rest-in-shelf"><span data-auto-id="secondaryPromoBanner" class="co-product__promo co-product__promo--rollback co-product__promo--rest-in-shelf" title="Rollback"><span class="co-product__promo-text"><span role="img" data-auto-id="" class="asda-icon asda-icon--charcoal asda-icon--regular asda-icon--rotate0 asda-icon--brand"><svg viewBox="0 0 93 20" fill="none" xmlns="http://www.w3.org/2000/svg" data-di-res-id="be2a86f0-6c95bf1" data-di-rand="1750009195269"><path d="M89.702 1.493V0H3.298v1.493A5.851 5.851 0 011.62 5.606C.508 6.732 0 8.333 0 9.966v.069c0 1.632.508 3.233 1.62 4.36a5.851 5.851 0 011.678 4.112V20h86.404v-1.493c0-1.538.597-3.018 1.677-4.113C92.492 13.268 93 11.667 93 10.034v-.069c0-1.632-.508-3.233-1.62-4.36a5.851 5.851 0 01-1.678-4.112z" fill="#FAED4A"></path><path d="M22.541 7.393c2.26 0 3.687 1.162 3.687 3.02 0 1.034-.424 1.852-1.162 2.357.778.937 1.323 2.187 1.547 3.557H24.04c-.208-1.025-.625-2.163-1.186-2.973h-1.09v2.973h-2.501V7.89a10.78 10.78 0 013.27-.497h.008zm-.008 4.095c.673 0 1.122-.441 1.122-1.074 0-.721-.352-1.026-1.05-1.026-.272 0-.577.04-.833.152v1.948h.761zm15.014-3.895h2.5v6.739h2.814v1.995h-5.306V7.593h-.008zm6.132 0h2.5v6.739h2.814v1.995h-5.306V7.593h-.008zm9.25-.2c2.132 0 3.35.85 3.35 2.396 0 .737-.336 1.346-1.09 1.763.962.288 1.516 1.097 1.516 1.987 0 1.747-1.227 2.796-3.463 2.796H49.81V7.89a9.626 9.626 0 013.118-.497zm.056 3.718c.633 0 1.122-.248 1.122-.898 0-.512-.328-.849-1.034-.849-.328 0-.577.048-.825.136v1.61h.737zm.12 3.245c.674 0 1.123-.24 1.123-.873 0-.497-.209-.834-1.034-.834h-.946v1.707h.857zm4.145-.2c0-1.931 1.515-2.893 4.697-2.997.176-.978-.249-1.77-.946-1.77s-1.122.488-1.25 1.37l-2.421-.498c.352-1.858 1.675-2.868 3.783-2.868 2.108 0 3.335 1.234 3.335 3.445v5.465h-2.501V15.27c-.497.834-1.25 1.258-2.245 1.258-1.426 0-2.444-1.001-2.444-2.371h-.008zm3.398.352c.81 0 1.283-.633 1.283-1.738v-.177c-1.37 0-2.108.449-2.108 1.17 0 .44.336.737.825.737v.008zm4.641-2.54c0-2.868 1.523-4.583 4.08-4.583 1.852 0 3.11 1.034 3.576 2.949l-2.445.609c-.153-.962-.553-1.483-1.139-1.483-.978 0-1.499.874-1.499 2.5 0 1.627.465 2.5 1.347 2.5.697 0 1.034-.408 1.339-1.634l2.22.849c-.489 1.899-1.7 2.86-3.583 2.86-2.42 0-3.896-1.722-3.896-4.559v-.008zm8.353-4.375h2.5v3.318l1.909-3.334H81l-2.758 4.19c1.034.746 2.325 2.67 2.637 4.56H78.18c-.425-1.594-1.339-2.868-2.036-3.373v3.373h-2.501V7.593zM14.268 6.2l.24-.378c.185-.56.041-1.41-.08-1.834l-2.091.528c.336 1.17.176 3.19-.337 4.88 1.74-.48 3.775-.256 5.026.176l.537-1.923c-.224-.096-1.37-.44-2.028-.248l-.064.272" fill="#00303C"></path><path d="M31.51 6.744c-4.176.73-6.276 6.17-1.947 8.221 1.57.697 3.55.032 4.729-1.242 1.267-1.306 1.403-3.157.721-4.784-1.523-3.621-5.987-4.535-9.659-4.463-3.92.048-7.831 1.475-10.693 4.143l-1.78-1.875C16.209 3.579 20.81 1.976 25.339 2c3.335-.008 7.094.697 9.667 3.117 1.804 1.675 2.854 4.183 2.47 6.675-.698 4.535-6.798 7.1-10.085 3.526-3.254-3.43-.336-8.702 4.12-8.582v.008z" fill="#00303C"></path><path d="M30.853 10.502c.112-.12.2-.273.256-.449.152-.52-.072-1.057-.505-1.186-.44-.128-.922.193-1.074.713a1.117 1.117 0 00-.024.537s.36-.056.713.04a1.8 1.8 0 01.634.345zm2.373.633c.112-.12.2-.272.256-.44.153-.522-.072-1.058-.505-1.187-.433-.128-.914.193-1.074.714-.056.184-.056.36-.024.536 0 0 .36-.056.713.04.353.097.634.345.634.345m.056 2.083c-1.387 1.13-3.671.778-4.489-.8-.248-.49-.32-1.019-.32-1.515l.553-.024c.112.8.545 1.538 1.33 1.754.618.2 1.523.024 1.916-.456l1.01 1.041z" fill="#00303C"></path></svg></span></span></span></div><div class="label-container"><div><ul><div class="co-item__icon-list-container"><ul class="co-product__promo-icon-list co-item__promo-icon-list co-item__promo-icon-list--list-position"><li class="co-product__promo-icon-item"><div class="co-product__promo-icon-image-cntr"><button data-auto-id="btnPromo" type="button" class="asda-btn asda-btn--plain co-product__promo-icon-button" aria-label="show information on Typically fresh for 3 days"><picture class="asda-image picture"><source srcset="https://ui.assets-asda.com/dm/produce-3-days-icon?$Icon-wapp2x$="><img alt="Typically fresh for 3 days" class="asda-img asda-image co-product__promo-icon-img" data-auto-id="" src="https://ui.assets-asda.com/dm/produce-3-days-icon?$Icon-wapp2x$=" loading="lazy" title="Typically fresh for 3 days"></picture></button></div></li><li class="co-product__promo-icon-item"><div class="co-product__promo-icon-image-cntr"><button data-auto-id="btnPromo" type="button" class="asda-btn asda-btn--plain co-product__promo-icon-button" aria-label="show information on Live Better"><picture class="asda-image picture"><source srcset="https://ui.assets-asda.com/dm/_923_LiveBetter_Update?$Icon-wapp2x$="><img alt="Live Better" class="asda-img asda-image co-product__promo-icon-img" data-auto-id="" src="https://ui.assets-asda.com/dm/_923_LiveBetter_Update?$Icon-wapp2x$=" loading="lazy" title="Live Better"></picture></button></div></li></ul></div></ul></div></div></div><div class="co-item__col3 co-item__col3--rest-in-shelf"><div class="co-item__price-container co-item__price-container--rest-in-shelf"><div><span class="co-product__was-price"><span class="co-product__hidden-label">was &nbsp;</span>£4.98</span><strong class="co-product__price"><span class="co-product__hidden-label"> now </span>£4.73</strong><p class="co-item__price-per-uom-msg"><span class="co-product__price-per-uom">(£11.26/kg)</span></p></div></div><div class="co-item__quantity-container co-item__quantity-container--rest-in-shelf"><div class="co-item__quantity-container"><div class="quantity-button"><div class="add-button-with-tooltip"><div class="tooltip-wrapper"><button data-auto-id="btnAdd" type="button" class="asda-btn asda-btn--primary asda-btn--fluid add-button" aria-label="Add item ASDA Mild 2 Whole Sea Bream to cart" data-di-id="di-id-bd5e14ce-b3d9e896">Add</button></div></div></div></div></div></div><div class="co-item__col4"><a class="asda-link asda-link--primary" data-auto-id="linkViewTheShelf" target="_self" href="/aisle/meat-poultry-fish/fish-seafood/cod-haddock-white-fish/1215135760597-1215337195095-1215685901161" data-di-id="di-id-b88f03a4-7ac89c7f">View the shelf</a></div></div></div></li><li class=" co-item co-item--rest-in-shelf " style="order: 26;"><div><div class="co-product"><div class="co-item__col1 co-item__col1--rest-in-shelf"><button type="button" data-auto-id="linkProductImage" class="asda-link asda-link--primary asda-link--button" aria-disabled="false"><div class="thumbnail__image-container co-product__image co-product__image--rest-in-shelf co-item__image"><picture class="asda-image picture"><source type="image/webp" srcset="https://ui.assets-asda.com/dm/asdagroceries/5000116126040?$ProdList2x$=&amp;fmt=webp"><img alt="Birds Eye Captain's Discoveries 2 Lightly Dusted Fish Fillets with Sea Salt &amp; Rosemary 280g" class="asda-img asda-image thumbnail__image" data-auto-id="" src="https://ui.assets-asda.com/dm/asdagroceries/5000116126040?$ProdList2x$=&amp;fmt=jpg" loading="lazy" title="Birds Eye Captain's Discoveries 2 Lightly Dusted Fish Fillets with Sea Salt &amp; Rosemary 280g"></picture></div></button><div class="co-item__items-container"><div class="co-item-fsl__favourites-image-container co-item__items" role="presentation" data-auto-id="favouritesAndShoppingList"><div class="context-wrapper"><button data-auto-id="" type="button" class="asda-btn asda-btn--plain asda-btn--icon co-item-fsl__favourites-button" aria-label="options for favourite shopping list" aria-expanded="false"><span role="img" data-auto-id="" class="asda-icon asda-icon--white asda-icon--regular asda-icon--rotate0 co-item-fsl__favourites-image co-item__items"><svg viewBox="0 0 35 23" xmlns="http://www.w3.org/2000/svg" xmlns:xlink="http://www.w3.org/1999/xlink" data-di-res-id="947da1a-1916434c" data-di-rand="1750009195270"><defs><path id="asda_fav_list_1" d="M7.02 2C7 2.344 7 2.685 7 3h6c0-.315 0-.656-.02-1H18c1 0 2 .784 2 1.667v17.667C20 22.167 19 23 18 23H2c-1 0-2-.833-2-1.666V3.667C0 2.833 1 2 2 2h5.02zM12 2H8c0-1 1-2 2-2s2 1 2 2zM7 17v2h10v-2H7zm-4-5v2h2v-2H3zm0-5v2h2V7H3zm0 10v2h2v-2H3zm4-5v2h10v-2H7zm0-5v2h10V7H7z"></path><path id="asda_fav_list_2" d="M24 21c-1.818-1.8-10-7.65-10-12.6C14 5.7 15.818 3 19 3c2 0 4 .82 5 3.295C25 3.82 27 3 29 3c3.182 0 5 2.7 5 5.4 0 4.95-8.182 10.8-10 12.6z"></path></defs><g class="asda-icon__draw" fill="none" fill-rule="evenodd"><use fill="#3d3d3d" xlink:href="#asda_fav_list_1"></use><use class="asda-icon__draw" fill="#FFF" stroke="#3d3d3d" stroke-width="1.9" xlink:href="#asda_fav_list_2"></use></g></svg></span></button></div></div><div class="co-item__volume-container co-item__items"><span class="co-product__volume co-item__volume">280g      </span></div></div></div><div class="co-item__col2 co-item__col2--rest-in-shelf co-item__col2--has-icon-list"><div class="co-item__title-container co-item__title-container--rest-in-shelf"><h3 class="co-product__title"><a class="co-product__anchor" data-auto-id="linkProductTitle" href="/product/battered-breaded-fish/birds-eye-captains-discoveries-2-lightly-dusted-fish-fillets-with-sea-salt-rosemary-280-g/1000320174035" data-di-id="di-id-815c30b8-c60eb799">Birds Eye Captain's Discoveries 2 Lightly Dusted Fish Fillets with Sea Salt &amp; Rosemary 280g</a></h3></div><div class="co-item__rating-container"><button type="button" data-auto-id="linkProductRating" class="asda-link asda-link--primary asda-link--button co-product__rating" aria-disabled="false" aria-label="4.14 stars out of 5 based on 14 reviews, you will be taken to the reviews on clicking this" data-di-id="di-id-f9fe053c-da9f4e21"><div class="rating-stars"><div style="width: 82.8%;" class="rating-stars__stars rating-stars__stars--top" aria-hidden="true"><span aria-hidden="true">★</span><span aria-hidden="true">★</span><span aria-hidden="true">★</span><span aria-hidden="true">★</span><span aria-hidden="true">★</span></div><div class="rating-stars__stars rating-stars__stars--bottom" aria-hidden="true"><span aria-hidden="true">☆</span><span aria-hidden="true">☆</span><span aria-hidden="true">☆</span><span aria-hidden="true">☆</span><span aria-hidden="true">☆</span></div></div><span class="co-product__review-count" aria-hidden="true">(14)</span></button></div><div class="co-item__bundled-item-count-container"></div><div class="co-item__promo-container co-item__promo-container--rest-in-shelf"><span data-auto-id="secondaryPromoBanner" class="co-product__promo co-product__promo--rollback co-product__promo--rest-in-shelf" title="Rollback"><span class="co-product__promo-text"><span role="img" data-auto-id="" class="asda-icon asda-icon--charcoal asda-icon--regular asda-icon--rotate0 asda-icon--brand"><svg viewBox="0 0 93 20" fill="none" xmlns="http://www.w3.org/2000/svg" data-di-res-id="947da1a-9454c897" data-di-rand="1750009195270"><path d="M89.702 1.493V0H3.298v1.493A5.851 5.851 0 011.62 5.606C.508 6.732 0 8.333 0 9.966v.069c0 1.632.508 3.233 1.62 4.36a5.851 5.851 0 011.678 4.112V20h86.404v-1.493c0-1.538.597-3.018 1.677-4.113C92.492 13.268 93 11.667 93 10.034v-.069c0-1.632-.508-3.233-1.62-4.36a5.851 5.851 0 01-1.678-4.112z" fill="#FAED4A"></path><path d="M22.541 7.393c2.26 0 3.687 1.162 3.687 3.02 0 1.034-.424 1.852-1.162 2.357.778.937 1.323 2.187 1.547 3.557H24.04c-.208-1.025-.625-2.163-1.186-2.973h-1.09v2.973h-2.501V7.89a10.78 10.78 0 013.27-.497h.008zm-.008 4.095c.673 0 1.122-.441 1.122-1.074 0-.721-.352-1.026-1.05-1.026-.272 0-.577.04-.833.152v1.948h.761zm15.014-3.895h2.5v6.739h2.814v1.995h-5.306V7.593h-.008zm6.132 0h2.5v6.739h2.814v1.995h-5.306V7.593h-.008zm9.25-.2c2.132 0 3.35.85 3.35 2.396 0 .737-.336 1.346-1.09 1.763.962.288 1.516 1.097 1.516 1.987 0 1.747-1.227 2.796-3.463 2.796H49.81V7.89a9.626 9.626 0 013.118-.497zm.056 3.718c.633 0 1.122-.248 1.122-.898 0-.512-.328-.849-1.034-.849-.328 0-.577.048-.825.136v1.61h.737zm.12 3.245c.674 0 1.123-.24 1.123-.873 0-.497-.209-.834-1.034-.834h-.946v1.707h.857zm4.145-.2c0-1.931 1.515-2.893 4.697-2.997.176-.978-.249-1.77-.946-1.77s-1.122.488-1.25 1.37l-2.421-.498c.352-1.858 1.675-2.868 3.783-2.868 2.108 0 3.335 1.234 3.335 3.445v5.465h-2.501V15.27c-.497.834-1.25 1.258-2.245 1.258-1.426 0-2.444-1.001-2.444-2.371h-.008zm3.398.352c.81 0 1.283-.633 1.283-1.738v-.177c-1.37 0-2.108.449-2.108 1.17 0 .44.336.737.825.737v.008zm4.641-2.54c0-2.868 1.523-4.583 4.08-4.583 1.852 0 3.11 1.034 3.576 2.949l-2.445.609c-.153-.962-.553-1.483-1.139-1.483-.978 0-1.499.874-1.499 2.5 0 1.627.465 2.5 1.347 2.5.697 0 1.034-.408 1.339-1.634l2.22.849c-.489 1.899-1.7 2.86-3.583 2.86-2.42 0-3.896-1.722-3.896-4.559v-.008zm8.353-4.375h2.5v3.318l1.909-3.334H81l-2.758 4.19c1.034.746 2.325 2.67 2.637 4.56H78.18c-.425-1.594-1.339-2.868-2.036-3.373v3.373h-2.501V7.593zM14.268 6.2l.24-.378c.185-.56.041-1.41-.08-1.834l-2.091.528c.336 1.17.176 3.19-.337 4.88 1.74-.48 3.775-.256 5.026.176l.537-1.923c-.224-.096-1.37-.44-2.028-.248l-.064.272" fill="#00303C"></path><path d="M31.51 6.744c-4.176.73-6.276 6.17-1.947 8.221 1.57.697 3.55.032 4.729-1.242 1.267-1.306 1.403-3.157.721-4.784-1.523-3.621-5.987-4.535-9.659-4.463-3.92.048-7.831 1.475-10.693 4.143l-1.78-1.875C16.209 3.579 20.81 1.976 25.339 2c3.335-.008 7.094.697 9.667 3.117 1.804 1.675 2.854 4.183 2.47 6.675-.698 4.535-6.798 7.1-10.085 3.526-3.254-3.43-.336-8.702 4.12-8.582v.008z" fill="#00303C"></path><path d="M30.853 10.502c.112-.12.2-.273.256-.449.152-.52-.072-1.057-.505-1.186-.44-.128-.922.193-1.074.713a1.117 1.117 0 00-.024.537s.36-.056.713.04a1.8 1.8 0 01.634.345zm2.373.633c.112-.12.2-.272.256-.44.153-.522-.072-1.058-.505-1.187-.433-.128-.914.193-1.074.714-.056.184-.056.36-.024.536 0 0 .36-.056.713.04.353.097.634.345.634.345m.056 2.083c-1.387 1.13-3.671.778-4.489-.8-.248-.49-.32-1.019-.32-1.515l.553-.024c.112.8.545 1.538 1.33 1.754.618.2 1.523.024 1.916-.456l1.01 1.041z" fill="#00303C"></path></svg></span></span></span></div><div class="label-container"><div><ul><div class="co-item__icon-list-container"><ul class="co-product__promo-icon-list co-item__promo-icon-list co-item__promo-icon-list--list-position"><li class="co-product__promo-icon-item"><div class="co-product__promo-icon-image-cntr"><button data-auto-id="btnPromo" type="button" class="asda-btn asda-btn--plain co-product__promo-icon-button" aria-label="show information on Frozen"><picture class="asda-image picture"><source srcset="https://ui.assets-asda.com/dm/_046_frozen?$Icon-wapp2x$="><img alt="Frozen" class="asda-img asda-image co-product__promo-icon-img" data-auto-id="" src="https://ui.assets-asda.com/dm/_046_frozen?$Icon-wapp2x$=" loading="lazy" title="Frozen"></picture></button></div></li></ul></div></ul></div></div></div><div class="co-item__col3 co-item__col3--rest-in-shelf"><div class="co-item__price-container co-item__price-container--rest-in-shelf"><div><span class="co-product__was-price"><span class="co-product__hidden-label">was &nbsp;</span>£3.98</span><strong class="co-product__price"><span class="co-product__hidden-label"> now </span>£1.98</strong><p class="co-item__price-per-uom-msg"><span class="co-product__price-per-uom">(£7.07/kg)</span></p></div></div><div class="co-item__quantity-container co-item__quantity-container--rest-in-shelf"><div class="co-item__quantity-container"><div class="quantity-button"><div class="add-button-with-tooltip"><div class="tooltip-wrapper"><button data-auto-id="btnAdd" type="button" class="asda-btn asda-btn--primary asda-btn--fluid add-button" aria-label="Add item Birds Eye Captain's Discoveries 2 Lightly Dusted Fish Fillets with Sea Salt &amp; Rosemary 280g to cart" data-di-id="di-id-bd5e14ce-b3d9e896">Add</button></div></div></div></div></div></div><div class="co-item__col4"><a class="asda-link asda-link--primary" data-auto-id="linkViewTheShelf" target="_self" href="/shelf/frozen-food/chicken-meat-fish/frozen-fish/battered-breaded-fish/1215338621416-1215666947082-1215685961757-910000977050" data-di-id="di-id-85340ba2-5a4e7c17">View the shelf</a></div></div></div></li><li class=" co-item co-item--rest-in-shelf " style="order: 27;"><div><div class="co-product"><div class="co-item__col1 co-item__col1--rest-in-shelf"><button type="button" data-auto-id="linkProductImage" class="asda-link asda-link--primary asda-link--button" aria-disabled="false"><div class="thumbnail__image-container co-product__image co-product__image--rest-in-shelf co-item__image"><picture class="asda-image picture"><source type="image/webp" srcset="https://ui.assets-asda.com/dm/asdagroceries/5057172723270?$ProdList2x$=&amp;fmt=webp"><img alt="ASDA Tasty Cooked Mussels" class="asda-img asda-image thumbnail__image" data-auto-id="" src="https://ui.assets-asda.com/dm/asdagroceries/5057172723270?$ProdList2x$=&amp;fmt=jpg" loading="lazy" title="ASDA Tasty Cooked Mussels"></picture></div></button><div class="co-item__items-container"><div class="co-item-fsl__favourites-image-container co-item__items" role="presentation" data-auto-id="favouritesAndShoppingList"><div class="context-wrapper"><button data-auto-id="" type="button" class="asda-btn asda-btn--plain asda-btn--icon co-item-fsl__favourites-button" aria-label="options for favourite shopping list" aria-expanded="false"><span role="img" data-auto-id="" class="asda-icon asda-icon--white asda-icon--regular asda-icon--rotate0 co-item-fsl__favourites-image co-item__items"><svg viewBox="0 0 35 23" xmlns="http://www.w3.org/2000/svg" xmlns:xlink="http://www.w3.org/1999/xlink" data-di-res-id="f3bf5ce2-63c1d3fc" data-di-rand="1750009195270"><defs><path id="asda_fav_list_1" d="M7.02 2C7 2.344 7 2.685 7 3h6c0-.315 0-.656-.02-1H18c1 0 2 .784 2 1.667v17.667C20 22.167 19 23 18 23H2c-1 0-2-.833-2-1.666V3.667C0 2.833 1 2 2 2h5.02zM12 2H8c0-1 1-2 2-2s2 1 2 2zM7 17v2h10v-2H7zm-4-5v2h2v-2H3zm0-5v2h2V7H3zm0 10v2h2v-2H3zm4-5v2h10v-2H7zm0-5v2h10V7H7z"></path><path id="asda_fav_list_2" d="M24 21c-1.818-1.8-10-7.65-10-12.6C14 5.7 15.818 3 19 3c2 0 4 .82 5 3.295C25 3.82 27 3 29 3c3.182 0 5 2.7 5 5.4 0 4.95-8.182 10.8-10 12.6z"></path></defs><g class="asda-icon__draw" fill="none" fill-rule="evenodd"><use fill="#3d3d3d" xlink:href="#asda_fav_list_1"></use><use class="asda-icon__draw" fill="#FFF" stroke="#3d3d3d" stroke-width="1.9" xlink:href="#asda_fav_list_2"></use></g></svg></span></button></div></div><div class="co-item__volume-container co-item__items"><span class="co-product__volume co-item__volume">150g      </span></div></div></div><div class="co-item__col2 co-item__col2--rest-in-shelf co-item__col2--has-icon-list"><div class="co-item__title-container co-item__title-container--rest-in-shelf"><h3 class="co-product__title"><a class="co-product__anchor" data-auto-id="linkProductTitle" href="/product/prawns-mussels/asda-tasty-cooked-mussels/1000309139394" data-di-id="di-id-b52f6e4a-d89d810b">ASDA Tasty Cooked Mussels</a></h3></div><div class="co-item__rating-container"><button type="button" data-auto-id="linkProductRating" class="asda-link asda-link--primary asda-link--button co-product__rating" aria-disabled="false" aria-label="4.19 stars out of 5 based on 50+ reviews, you will be taken to the reviews on clicking this" data-di-id="di-id-f9fe053c-665ea5f8"><div class="rating-stars"><div style="width: 83.8%;" class="rating-stars__stars rating-stars__stars--top" aria-hidden="true"><span aria-hidden="true">★</span><span aria-hidden="true">★</span><span aria-hidden="true">★</span><span aria-hidden="true">★</span><span aria-hidden="true">★</span></div><div class="rating-stars__stars rating-stars__stars--bottom" aria-hidden="true"><span aria-hidden="true">☆</span><span aria-hidden="true">☆</span><span aria-hidden="true">☆</span><span aria-hidden="true">☆</span><span aria-hidden="true">☆</span></div></div><span class="co-product__review-count" aria-hidden="true">(50+)</span></button></div><div class="co-item__bundled-item-count-container"></div><div class="co-item__promo-container co-item__promo-container--rest-in-shelf"><span data-auto-id="secondaryPromoBanner" class="co-product__promo co-product__promo--rollback co-product__promo--rest-in-shelf" title="Rollback"><span class="co-product__promo-text"><span role="img" data-auto-id="" class="asda-icon asda-icon--charcoal asda-icon--regular asda-icon--rotate0 asda-icon--brand"><svg viewBox="0 0 93 20" fill="none" xmlns="http://www.w3.org/2000/svg" data-di-res-id="f3bf5ce2-a6f091fb" data-di-rand="1750009195270"><path d="M89.702 1.493V0H3.298v1.493A5.851 5.851 0 011.62 5.606C.508 6.732 0 8.333 0 9.966v.069c0 1.632.508 3.233 1.62 4.36a5.851 5.851 0 011.678 4.112V20h86.404v-1.493c0-1.538.597-3.018 1.677-4.113C92.492 13.268 93 11.667 93 10.034v-.069c0-1.632-.508-3.233-1.62-4.36a5.851 5.851 0 01-1.678-4.112z" fill="#FAED4A"></path><path d="M22.541 7.393c2.26 0 3.687 1.162 3.687 3.02 0 1.034-.424 1.852-1.162 2.357.778.937 1.323 2.187 1.547 3.557H24.04c-.208-1.025-.625-2.163-1.186-2.973h-1.09v2.973h-2.501V7.89a10.78 10.78 0 013.27-.497h.008zm-.008 4.095c.673 0 1.122-.441 1.122-1.074 0-.721-.352-1.026-1.05-1.026-.272 0-.577.04-.833.152v1.948h.761zm15.014-3.895h2.5v6.739h2.814v1.995h-5.306V7.593h-.008zm6.132 0h2.5v6.739h2.814v1.995h-5.306V7.593h-.008zm9.25-.2c2.132 0 3.35.85 3.35 2.396 0 .737-.336 1.346-1.09 1.763.962.288 1.516 1.097 1.516 1.987 0 1.747-1.227 2.796-3.463 2.796H49.81V7.89a9.626 9.626 0 013.118-.497zm.056 3.718c.633 0 1.122-.248 1.122-.898 0-.512-.328-.849-1.034-.849-.328 0-.577.048-.825.136v1.61h.737zm.12 3.245c.674 0 1.123-.24 1.123-.873 0-.497-.209-.834-1.034-.834h-.946v1.707h.857zm4.145-.2c0-1.931 1.515-2.893 4.697-2.997.176-.978-.249-1.77-.946-1.77s-1.122.488-1.25 1.37l-2.421-.498c.352-1.858 1.675-2.868 3.783-2.868 2.108 0 3.335 1.234 3.335 3.445v5.465h-2.501V15.27c-.497.834-1.25 1.258-2.245 1.258-1.426 0-2.444-1.001-2.444-2.371h-.008zm3.398.352c.81 0 1.283-.633 1.283-1.738v-.177c-1.37 0-2.108.449-2.108 1.17 0 .44.336.737.825.737v.008zm4.641-2.54c0-2.868 1.523-4.583 4.08-4.583 1.852 0 3.11 1.034 3.576 2.949l-2.445.609c-.153-.962-.553-1.483-1.139-1.483-.978 0-1.499.874-1.499 2.5 0 1.627.465 2.5 1.347 2.5.697 0 1.034-.408 1.339-1.634l2.22.849c-.489 1.899-1.7 2.86-3.583 2.86-2.42 0-3.896-1.722-3.896-4.559v-.008zm8.353-4.375h2.5v3.318l1.909-3.334H81l-2.758 4.19c1.034.746 2.325 2.67 2.637 4.56H78.18c-.425-1.594-1.339-2.868-2.036-3.373v3.373h-2.501V7.593zM14.268 6.2l.24-.378c.185-.56.041-1.41-.08-1.834l-2.091.528c.336 1.17.176 3.19-.337 4.88 1.74-.48 3.775-.256 5.026.176l.537-1.923c-.224-.096-1.37-.44-2.028-.248l-.064.272" fill="#00303C"></path><path d="M31.51 6.744c-4.176.73-6.276 6.17-1.947 8.221 1.57.697 3.55.032 4.729-1.242 1.267-1.306 1.403-3.157.721-4.784-1.523-3.621-5.987-4.535-9.659-4.463-3.92.048-7.831 1.475-10.693 4.143l-1.78-1.875C16.209 3.579 20.81 1.976 25.339 2c3.335-.008 7.094.697 9.667 3.117 1.804 1.675 2.854 4.183 2.47 6.675-.698 4.535-6.798 7.1-10.085 3.526-3.254-3.43-.336-8.702 4.12-8.582v.008z" fill="#00303C"></path><path d="M30.853 10.502c.112-.12.2-.273.256-.449.152-.52-.072-1.057-.505-1.186-.44-.128-.922.193-1.074.713a1.117 1.117 0 00-.024.537s.36-.056.713.04a1.8 1.8 0 01.634.345zm2.373.633c.112-.12.2-.272.256-.44.153-.522-.072-1.058-.505-1.187-.433-.128-.914.193-1.074.714-.056.184-.056.36-.024.536 0 0 .36-.056.713.04.353.097.634.345.634.345m.056 2.083c-1.387 1.13-3.671.778-4.489-.8-.248-.49-.32-1.019-.32-1.515l.553-.024c.112.8.545 1.538 1.33 1.754.618.2 1.523.024 1.916-.456l1.01 1.041z" fill="#00303C"></path></svg></span></span></span></div><div class="label-container"><div><ul><div class="co-item__icon-list-container"><ul class="co-product__promo-icon-list co-item__promo-icon-list co-item__promo-icon-list--list-position"><li class="co-product__promo-icon-item"><div class="co-product__promo-icon-image-cntr"><button data-auto-id="btnPromo" type="button" class="asda-btn asda-btn--plain co-product__promo-icon-button" aria-label="show information on Typically fresh for 7 days"><picture class="asda-image picture"><source srcset="https://ui.assets-asda.com/dm/produce-7-days-icon?$Icon-wapp2x$="><img alt="Typically fresh for 7 days" class="asda-img asda-image co-product__promo-icon-img" data-auto-id="" src="https://ui.assets-asda.com/dm/produce-7-days-icon?$Icon-wapp2x$=" loading="lazy" title="Typically fresh for 7 days"></picture></button></div></li><li class="co-product__promo-icon-item"><div class="co-product__promo-icon-image-cntr"><button data-auto-id="btnPromo" type="button" class="asda-btn asda-btn--plain co-product__promo-icon-button" aria-label="show information on Live Better"><picture class="asda-image picture"><source srcset="https://ui.assets-asda.com/dm/_923_LiveBetter_Update?$Icon-wapp2x$="><img alt="Live Better" class="asda-img asda-image co-product__promo-icon-img" data-auto-id="" src="https://ui.assets-asda.com/dm/_923_LiveBetter_Update?$Icon-wapp2x$=" loading="lazy" title="Live Better"></picture></button></div></li></ul></div></ul></div></div></div><div class="co-item__col3 co-item__col3--rest-in-shelf"><div class="co-item__price-container co-item__price-container--rest-in-shelf"><div><span class="co-product__was-price"><span class="co-product__hidden-label">was &nbsp;</span>£1.94</span><strong class="co-product__price"><span class="co-product__hidden-label"> now </span>£1.84</strong><p class="co-item__price-per-uom-msg"><span class="co-product__price-per-uom">(£12.27/kg)</span></p></div></div><div class="co-item__quantity-container co-item__quantity-container--rest-in-shelf"><div class="co-item__quantity-container"><div class="quantity-button"><div class="add-button-with-tooltip"><div class="tooltip-wrapper"><button data-auto-id="btnAdd" type="button" class="asda-btn asda-btn--primary asda-btn--fluid add-button" aria-label="Add item ASDA Tasty Cooked Mussels to cart" data-di-id="di-id-bd5e14ce-b3d9e896">Add</button></div></div></div></div></div></div><div class="co-item__col4"><a class="asda-link asda-link--primary" data-auto-id="linkViewTheShelf" target="_self" href="/aisle/meat-poultry-fish/fish-seafood/prawns-mussels/1215135760597-1215337195095-1215685901164" data-di-id="di-id-6a68b9ae-496a12a3">View the shelf</a></div></div></div></li><li class=" co-item co-item--rest-in-shelf " style="order: 28;"><div><div class="co-product"><div class="co-item__col1 co-item__col1--rest-in-shelf"><button type="button" data-auto-id="linkProductImage" class="asda-link asda-link--primary asda-link--button" aria-disabled="false"><div class="thumbnail__image-container co-product__image co-product__image--rest-in-shelf co-item__image"><picture class="asda-image picture"><source type="image/webp" srcset="https://ui.assets-asda.com/dm/asdagroceries/5054781649304?$ProdList2x$=&amp;fmt=webp"><img alt="ASDA 3 Basa Fillets" class="asda-img asda-image thumbnail__image" data-auto-id="" src="https://ui.assets-asda.com/dm/asdagroceries/5054781649304?$ProdList2x$=&amp;fmt=jpg" loading="lazy" title="ASDA 3 Basa Fillets"></picture></div></button><div class="co-item__items-container"><div class="co-item-fsl__favourites-image-container co-item__items" role="presentation" data-auto-id="favouritesAndShoppingList"><div class="context-wrapper"><button data-auto-id="" type="button" class="asda-btn asda-btn--plain asda-btn--icon co-item-fsl__favourites-button" aria-label="options for favourite shopping list" aria-expanded="false"><span role="img" data-auto-id="" class="asda-icon asda-icon--white asda-icon--regular asda-icon--rotate0 co-item-fsl__favourites-image co-item__items"><svg viewBox="0 0 35 23" xmlns="http://www.w3.org/2000/svg" xmlns:xlink="http://www.w3.org/1999/xlink" data-di-res-id="f3bf5ce2-8bb19794" data-di-rand="1750009195270"><defs><path id="asda_fav_list_1" d="M7.02 2C7 2.344 7 2.685 7 3h6c0-.315 0-.656-.02-1H18c1 0 2 .784 2 1.667v17.667C20 22.167 19 23 18 23H2c-1 0-2-.833-2-1.666V3.667C0 2.833 1 2 2 2h5.02zM12 2H8c0-1 1-2 2-2s2 1 2 2zM7 17v2h10v-2H7zm-4-5v2h2v-2H3zm0-5v2h2V7H3zm0 10v2h2v-2H3zm4-5v2h10v-2H7zm0-5v2h10V7H7z"></path><path id="asda_fav_list_2" d="M24 21c-1.818-1.8-10-7.65-10-12.6C14 5.7 15.818 3 19 3c2 0 4 .82 5 3.295C25 3.82 27 3 29 3c3.182 0 5 2.7 5 5.4 0 4.95-8.182 10.8-10 12.6z"></path></defs><g class="asda-icon__draw" fill="none" fill-rule="evenodd"><use fill="#3d3d3d" xlink:href="#asda_fav_list_1"></use><use class="asda-icon__draw" fill="#FFF" stroke="#3d3d3d" stroke-width="1.9" xlink:href="#asda_fav_list_2"></use></g></svg></span></button></div></div><div class="co-item__volume-container co-item__items"><span class="co-product__volume co-item__volume">450g      </span></div></div><div class="link-save-banner"><a class="link-save-banner-large__anchor link-save-banner-large__anchor--hyperlink" data-auto-id="linkPromoDetail" href="/promotion/any-3-for-9.97/ls95046" data-di-id="di-id-cde0763d-dad83bf6"><div class="link-save-banner-large__meat-sticker"><span class="link-save-banner-large__config link-save-banner-large__config--block link-save-banner-large__config--font-normal link-save-banner-large__config--center link-save-banner-large__config--height-normal">Any 3 for </span><span class="link-save-banner-large__config link-save-banner-large__config--block link-save-banner-large__config--font-huge link-save-banner-large__config--up-small">£9.97</span><span class="link-save-banner-large__view-all">View all</span></div></a></div></div><div class="co-item__col2 co-item__col2--rest-in-shelf co-item__col2--has-icon-list"><div class="co-item__title-container co-item__title-container--rest-in-shelf"><h3 class="co-product__title"><a class="co-product__anchor" data-auto-id="linkProductTitle" href="/product/frozen-fish-fillets/asda-3-basa-fillets/910003140711" data-di-id="di-id-f0cb0bf3-121868e9">ASDA 3 Basa Fillets</a></h3></div><div class="co-item__rating-container"><button type="button" data-auto-id="linkProductRating" class="asda-link asda-link--primary asda-link--button co-product__rating" aria-disabled="false" aria-label="4.25 stars out of 5 based on 50+ reviews, you will be taken to the reviews on clicking this" data-di-id="di-id-f9fe053c-665ea5f8"><div class="rating-stars"><div style="width: 85%;" class="rating-stars__stars rating-stars__stars--top" aria-hidden="true"><span aria-hidden="true">★</span><span aria-hidden="true">★</span><span aria-hidden="true">★</span><span aria-hidden="true">★</span><span aria-hidden="true">★</span></div><div class="rating-stars__stars rating-stars__stars--bottom" aria-hidden="true"><span aria-hidden="true">☆</span><span aria-hidden="true">☆</span><span aria-hidden="true">☆</span><span aria-hidden="true">☆</span><span aria-hidden="true">☆</span></div></div><span class="co-product__review-count" aria-hidden="true">(50+)</span></button></div><div class="co-item__bundled-item-count-container"></div><div class="co-item__promo-container co-item__promo-container--rest-in-shelf"></div><div class="label-container"><div><ul><div class="co-item__icon-list-container"><ul class="co-product__promo-icon-list co-item__promo-icon-list co-item__promo-icon-list--list-position"><li class="co-product__promo-icon-item"><div class="co-product__promo-icon-image-cntr"><button data-auto-id="btnPromo" type="button" class="asda-btn asda-btn--plain co-product__promo-icon-button" aria-label="show information on Frozen"><picture class="asda-image picture"><source srcset="https://ui.assets-asda.com/dm/_046_frozen?$Icon-wapp2x$="><img alt="Frozen" class="asda-img asda-image co-product__promo-icon-img" data-auto-id="" src="https://ui.assets-asda.com/dm/_046_frozen?$Icon-wapp2x$=" loading="lazy" title="Frozen"></picture></button></div></li></ul></div></ul></div></div></div><div class="co-item__col3 co-item__col3--rest-in-shelf"><div class="co-item__price-container co-item__price-container--rest-in-shelf"><span class="co-item__price-per-uom"><strong class="co-product__price"><span class="co-product__hidden-label"> now </span>£3.68</strong><p class="co-item__price-per-uom-msg"><span class="co-product__price-per-uom">(£8.18/kg)</span></p></span></div><div class="co-item__quantity-container co-item__quantity-container--rest-in-shelf"><div class="co-item__quantity-container"><div class="quantity-button"><div class="add-button-with-tooltip"><div class="tooltip-wrapper"><button data-auto-id="btnAdd" type="button" class="asda-btn asda-btn--primary asda-btn--fluid add-button" aria-label="Add item ASDA 3 Basa Fillets to cart" data-di-id="di-id-bd5e14ce-b3d9e896">Add</button></div></div></div></div></div></div><div class="co-item__col4"><a class="asda-link asda-link--primary" data-auto-id="linkViewTheShelf" target="_self" href="/shelf/frozen-food/chicken-meat-fish/frozen-fish/frozen-fish-fillets/1215338621416-1215666947082-1215685961757-910001112641" data-di-id="di-id-5e510a12-ebcd8cfa">View the shelf</a></div></div></div></li><li class=" co-item co-item--rest-in-shelf " style="order: 29;"><div><div class="co-product"><div class="co-item__col1 co-item__col1--rest-in-shelf"><button type="button" data-auto-id="linkProductImage" class="asda-link asda-link--primary asda-link--button" aria-disabled="false"><div class="thumbnail__image-container co-product__image co-product__image--rest-in-shelf co-item__image"><picture class="asda-image picture"><source type="image/webp" srcset="https://ui.assets-asda.com/dm/asdagroceries/5000116124114?$ProdList2x$=&amp;fmt=webp"><img alt="Birds Eye 6 Chunky Breaded Fish Fingers 360g" class="asda-img asda-image thumbnail__image" data-auto-id="" src="https://ui.assets-asda.com/dm/asdagroceries/5000116124114?$ProdList2x$=&amp;fmt=jpg" loading="lazy" title="Birds Eye 6 Chunky Breaded Fish Fingers 360g"></picture></div></button><div class="co-item__items-container"><div class="co-item-fsl__favourites-image-container co-item__items" role="presentation" data-auto-id="favouritesAndShoppingList"><div class="context-wrapper"><button data-auto-id="" type="button" class="asda-btn asda-btn--plain asda-btn--icon co-item-fsl__favourites-button" aria-label="options for favourite shopping list" aria-expanded="false"><span role="img" data-auto-id="" class="asda-icon asda-icon--white asda-icon--regular asda-icon--rotate0 co-item-fsl__favourites-image co-item__items"><svg viewBox="0 0 35 23" xmlns="http://www.w3.org/2000/svg" xmlns:xlink="http://www.w3.org/1999/xlink" data-di-res-id="f3bf5ce2-83effa03" data-di-rand="1750009195270"><defs><path id="asda_fav_list_1" d="M7.02 2C7 2.344 7 2.685 7 3h6c0-.315 0-.656-.02-1H18c1 0 2 .784 2 1.667v17.667C20 22.167 19 23 18 23H2c-1 0-2-.833-2-1.666V3.667C0 2.833 1 2 2 2h5.02zM12 2H8c0-1 1-2 2-2s2 1 2 2zM7 17v2h10v-2H7zm-4-5v2h2v-2H3zm0-5v2h2V7H3zm0 10v2h2v-2H3zm4-5v2h10v-2H7zm0-5v2h10V7H7z"></path><path id="asda_fav_list_2" d="M24 21c-1.818-1.8-10-7.65-10-12.6C14 5.7 15.818 3 19 3c2 0 4 .82 5 3.295C25 3.82 27 3 29 3c3.182 0 5 2.7 5 5.4 0 4.95-8.182 10.8-10 12.6z"></path></defs><g class="asda-icon__draw" fill="none" fill-rule="evenodd"><use fill="#3d3d3d" xlink:href="#asda_fav_list_1"></use><use class="asda-icon__draw" fill="#FFF" stroke="#3d3d3d" stroke-width="1.9" xlink:href="#asda_fav_list_2"></use></g></svg></span></button></div></div><div class="co-item__volume-container co-item__items"><span class="co-product__volume co-item__volume">360g      </span></div></div></div><div class="co-item__col2 co-item__col2--rest-in-shelf co-item__col2--has-icon-list"><div class="co-item__title-container co-item__title-container--rest-in-shelf"><h3 class="co-product__title"><a class="co-product__anchor" data-auto-id="linkProductTitle" href="/product/fish-fingers-shapes/birds-eye-6-chunky-breaded-fish-fingers-360-g/1000085388513" data-di-id="di-id-4cbf925a-ee93096f">Birds Eye 6 Chunky Breaded Fish Fingers 360g</a></h3></div><div class="co-item__rating-container"><button type="button" data-auto-id="linkProductRating" class="asda-link asda-link--primary asda-link--button co-product__rating" aria-disabled="false" aria-label="3.27 stars out of 5 based on 50+ reviews, you will be taken to the reviews on clicking this" data-di-id="di-id-f9fe053c-665ea5f8"><div class="rating-stars"><div style="width: 65.4%;" class="rating-stars__stars rating-stars__stars--top" aria-hidden="true"><span aria-hidden="true">★</span><span aria-hidden="true">★</span><span aria-hidden="true">★</span><span aria-hidden="true">★</span><span aria-hidden="true">★</span></div><div class="rating-stars__stars rating-stars__stars--bottom" aria-hidden="true"><span aria-hidden="true">☆</span><span aria-hidden="true">☆</span><span aria-hidden="true">☆</span><span aria-hidden="true">☆</span><span aria-hidden="true">☆</span></div></div><span class="co-product__review-count" aria-hidden="true">(50+)</span></button></div><div class="co-item__bundled-item-count-container"></div><div class="co-item__promo-container co-item__promo-container--rest-in-shelf"></div><div class="label-container"><div><ul><div class="co-item__icon-list-container"><ul class="co-product__promo-icon-list co-item__promo-icon-list co-item__promo-icon-list--list-position"><li class="co-product__promo-icon-item"><div class="co-product__promo-icon-image-cntr"><button data-auto-id="btnPromo" type="button" class="asda-btn asda-btn--plain co-product__promo-icon-button" aria-label="show information on Frozen"><picture class="asda-image picture"><source srcset="https://ui.assets-asda.com/dm/_046_frozen?$Icon-wapp2x$="><img alt="Frozen" class="asda-img asda-image co-product__promo-icon-img" data-auto-id="" src="https://ui.assets-asda.com/dm/_046_frozen?$Icon-wapp2x$=" loading="lazy" title="Frozen"></picture></button></div></li></ul></div></ul></div></div></div><div class="co-item__col3 co-item__col3--rest-in-shelf"><div class="co-item__price-container co-item__price-container--rest-in-shelf"><span class="co-item__price-per-uom"><strong class="co-product__price"><span class="co-product__hidden-label"> now </span>£3.74</strong><p class="co-item__price-per-uom-msg"><span class="co-product__price-per-uom">(£10.39/kg)</span></p></span></div><div class="co-item__quantity-container co-item__quantity-container--rest-in-shelf"><div class="co-item__quantity-container"><div class="quantity-button"><div class="add-button-with-tooltip"><div class="tooltip-wrapper"><button data-auto-id="btnAdd" type="button" class="asda-btn asda-btn--primary asda-btn--fluid add-button" aria-label="Add item Birds Eye 6 Chunky Breaded Fish Fingers 360g to cart" data-di-id="di-id-bd5e14ce-b3d9e896">Add</button></div></div></div></div></div></div><div class="co-item__col4"><a class="asda-link asda-link--primary" data-auto-id="linkViewTheShelf" target="_self" href="/shelf/frozen-food/chicken-meat-fish/frozen-fish/fish-fingers-shapes/1215338621416-1215666947082-1215685961757-910001112636" data-di-id="di-id-5e510a12-5c954c41">View the shelf</a></div></div></div></li><li class=" co-item co-item--rest-in-shelf " style="order: 30;"><div><div class="co-product"><div class="co-item__col1 co-item__col1--rest-in-shelf"><button type="button" data-auto-id="linkProductImage" class="asda-link asda-link--primary asda-link--button" aria-disabled="false"><div class="thumbnail__image-container co-product__image co-product__image--rest-in-shelf co-item__image"><picture class="asda-image picture"><source type="image/webp" srcset="https://ui.assets-asda.com/dm/asdagroceries/5000205035086?$ProdList2x$=&amp;fmt=webp"><img alt="Young's 4 Fish Steaks in a Creamy Butter Sauce 560g" class="asda-img asda-image thumbnail__image" data-auto-id="" src="https://ui.assets-asda.com/dm/asdagroceries/5000205035086?$ProdList2x$=&amp;fmt=jpg" loading="lazy" title="Young's 4 Fish Steaks in a Creamy Butter Sauce 560g"></picture></div></button><div class="co-item__items-container"><div class="co-item-fsl__favourites-image-container co-item__items" role="presentation" data-auto-id="favouritesAndShoppingList"><div class="context-wrapper"><button data-auto-id="" type="button" class="asda-btn asda-btn--plain asda-btn--icon co-item-fsl__favourites-button" aria-label="options for favourite shopping list" aria-expanded="false"><span role="img" data-auto-id="" class="asda-icon asda-icon--white asda-icon--regular asda-icon--rotate0 co-item-fsl__favourites-image co-item__items"><svg viewBox="0 0 35 23" xmlns="http://www.w3.org/2000/svg" xmlns:xlink="http://www.w3.org/1999/xlink" data-di-res-id="4b033b87-aa87ccef" data-di-rand="1750009195271"><defs><path id="asda_fav_list_1" d="M7.02 2C7 2.344 7 2.685 7 3h6c0-.315 0-.656-.02-1H18c1 0 2 .784 2 1.667v17.667C20 22.167 19 23 18 23H2c-1 0-2-.833-2-1.666V3.667C0 2.833 1 2 2 2h5.02zM12 2H8c0-1 1-2 2-2s2 1 2 2zM7 17v2h10v-2H7zm-4-5v2h2v-2H3zm0-5v2h2V7H3zm0 10v2h2v-2H3zm4-5v2h10v-2H7zm0-5v2h10V7H7z"></path><path id="asda_fav_list_2" d="M24 21c-1.818-1.8-10-7.65-10-12.6C14 5.7 15.818 3 19 3c2 0 4 .82 5 3.295C25 3.82 27 3 29 3c3.182 0 5 2.7 5 5.4 0 4.95-8.182 10.8-10 12.6z"></path></defs><g class="asda-icon__draw" fill="none" fill-rule="evenodd"><use fill="#3d3d3d" xlink:href="#asda_fav_list_1"></use><use class="asda-icon__draw" fill="#FFF" stroke="#3d3d3d" stroke-width="1.9" xlink:href="#asda_fav_list_2"></use></g></svg></span></button></div></div><div class="co-item__volume-container co-item__items"><span class="co-product__volume co-item__volume">560g      </span></div></div></div><div class="co-item__col2 co-item__col2--rest-in-shelf co-item__col2--has-icon-list"><div class="co-item__title-container co-item__title-container--rest-in-shelf"><h3 class="co-product__title"><a class="co-product__anchor" data-auto-id="linkProductTitle" href="/product/frozen-fish-fillets/youngs-4-fish-steaks-in-a-creamy-butter-sauce-560-g/1000383184740" data-di-id="di-id-b5f8ea5-cae8de60">Young's 4 Fish Steaks in a Creamy Butter Sauce 560g</a></h3></div><div class="co-item__rating-container"><button type="button" data-auto-id="linkProductRating" class="asda-link asda-link--primary asda-link--button co-product__rating" aria-disabled="false" aria-label="3.7 stars out of 5 based on 40 reviews, you will be taken to the reviews on clicking this" data-di-id="di-id-f9fe053c-b83849ce"><div class="rating-stars"><div style="width: 74%;" class="rating-stars__stars rating-stars__stars--top" aria-hidden="true"><span aria-hidden="true">★</span><span aria-hidden="true">★</span><span aria-hidden="true">★</span><span aria-hidden="true">★</span><span aria-hidden="true">★</span></div><div class="rating-stars__stars rating-stars__stars--bottom" aria-hidden="true"><span aria-hidden="true">☆</span><span aria-hidden="true">☆</span><span aria-hidden="true">☆</span><span aria-hidden="true">☆</span><span aria-hidden="true">☆</span></div></div><span class="co-product__review-count" aria-hidden="true">(40)</span></button></div><div class="co-item__bundled-item-count-container"></div><div class="co-item__promo-container co-item__promo-container--rest-in-shelf"></div><div class="label-container"><div><ul><div class="co-item__icon-list-container"><ul class="co-product__promo-icon-list co-item__promo-icon-list co-item__promo-icon-list--list-position"><li class="co-product__promo-icon-item"><div class="co-product__promo-icon-image-cntr"><button data-auto-id="btnPromo" type="button" class="asda-btn asda-btn--plain co-product__promo-icon-button" aria-label="show information on Frozen"><picture class="asda-image picture"><source srcset="https://ui.assets-asda.com/dm/_046_frozen?$Icon-wapp2x$="><img alt="Frozen" class="asda-img asda-image co-product__promo-icon-img" data-auto-id="" src="https://ui.assets-asda.com/dm/_046_frozen?$Icon-wapp2x$=" loading="lazy" title="Frozen"></picture></button></div></li></ul></div></ul></div></div></div><div class="co-item__col3 co-item__col3--rest-in-shelf"><div class="co-item__price-container co-item__price-container--rest-in-shelf"><span class="co-item__price-per-uom"><strong class="co-product__price"><span class="co-product__hidden-label"> now </span>£4.48</strong><p class="co-item__price-per-uom-msg"><span class="co-product__price-per-uom">(£8.00/kg)</span></p></span></div><div class="co-item__quantity-container co-item__quantity-container--rest-in-shelf"><div class="co-item__quantity-container"><div class="quantity-button"><div class="add-button-with-tooltip"><div class="tooltip-wrapper"><button data-auto-id="btnAdd" type="button" class="asda-btn asda-btn--primary asda-btn--fluid add-button" aria-label="Add item Young's 4 Fish Steaks in a Creamy Butter Sauce 560g to cart" data-di-id="di-id-bd5e14ce-b3d9e896">Add</button></div></div></div></div></div></div><div class="co-item__col4"><a class="asda-link asda-link--primary" data-auto-id="linkViewTheShelf" target="_self" href="/shelf/frozen-food/chicken-meat-fish/frozen-fish/frozen-fish-fillets/1215338621416-1215666947082-1215685961757-910001112641" data-di-id="di-id-5e510a12-ebcd8cfa">View the shelf</a></div></div></div></li><li class=" co-item co-item--rest-in-shelf " style="order: 31;"><div><div class="co-product"><div class="co-item__col1 co-item__col1--rest-in-shelf"><button type="button" data-auto-id="linkProductImage" class="asda-link asda-link--primary asda-link--button" aria-disabled="false"><div class="thumbnail__image-container co-product__image co-product__image--rest-in-shelf co-item__image"><picture class="asda-image picture"><source type="image/webp" srcset="https://ui.assets-asda.com/dm/asdagroceries/5057172219513?$ProdList2x$=&amp;fmt=webp"><img alt="ASDA 12 Wholegrain Under The Sea Cod &amp; Vegetable Shapes 400g" class="asda-img asda-image thumbnail__image" data-auto-id="" src="https://ui.assets-asda.com/dm/asdagroceries/5057172219513?$ProdList2x$=&amp;fmt=jpg" loading="lazy" title="ASDA 12 Wholegrain Under The Sea Cod &amp; Vegetable Shapes 400g"></picture></div></button><div class="co-item__items-container"><div class="co-item-fsl__favourites-image-container co-item__items" role="presentation" data-auto-id="favouritesAndShoppingList"><div class="context-wrapper"><button data-auto-id="" type="button" class="asda-btn asda-btn--plain asda-btn--icon co-item-fsl__favourites-button" aria-label="options for favourite shopping list" aria-expanded="false"><span role="img" data-auto-id="" class="asda-icon asda-icon--white asda-icon--regular asda-icon--rotate0 co-item-fsl__favourites-image co-item__items"><svg viewBox="0 0 35 23" xmlns="http://www.w3.org/2000/svg" xmlns:xlink="http://www.w3.org/1999/xlink" data-di-res-id="4b033b87-f5b96d57" data-di-rand="1750009195271"><defs><path id="asda_fav_list_1" d="M7.02 2C7 2.344 7 2.685 7 3h6c0-.315 0-.656-.02-1H18c1 0 2 .784 2 1.667v17.667C20 22.167 19 23 18 23H2c-1 0-2-.833-2-1.666V3.667C0 2.833 1 2 2 2h5.02zM12 2H8c0-1 1-2 2-2s2 1 2 2zM7 17v2h10v-2H7zm-4-5v2h2v-2H3zm0-5v2h2V7H3zm0 10v2h2v-2H3zm4-5v2h10v-2H7zm0-5v2h10V7H7z"></path><path id="asda_fav_list_2" d="M24 21c-1.818-1.8-10-7.65-10-12.6C14 5.7 15.818 3 19 3c2 0 4 .82 5 3.295C25 3.82 27 3 29 3c3.182 0 5 2.7 5 5.4 0 4.95-8.182 10.8-10 12.6z"></path></defs><g class="asda-icon__draw" fill="none" fill-rule="evenodd"><use fill="#3d3d3d" xlink:href="#asda_fav_list_1"></use><use class="asda-icon__draw" fill="#FFF" stroke="#3d3d3d" stroke-width="1.9" xlink:href="#asda_fav_list_2"></use></g></svg></span></button></div></div><div class="co-item__volume-container co-item__items"><span class="co-product__volume co-item__volume">400g      </span></div></div></div><div class="co-item__col2 co-item__col2--rest-in-shelf co-item__col2--has-icon-list"><div class="co-item__title-container co-item__title-container--rest-in-shelf"><h3 class="co-product__title"><a class="co-product__anchor" data-auto-id="linkProductTitle" href="/product/fish-fingers-shapes/asda-12-wholegrain-under-the-sea-cod-vegetable-shapes-400-g/1000186412196" data-di-id="di-id-54430b1c-7503f7ab">ASDA 12 Wholegrain Under The Sea Cod &amp; Vegetable Shapes 400g</a></h3></div><div class="co-item__rating-container"><button type="button" data-auto-id="linkProductRating" class="asda-link asda-link--primary asda-link--button co-product__rating" aria-disabled="false" aria-label="3.84 stars out of 5 based on 50 reviews, you will be taken to the reviews on clicking this" data-di-id="di-id-f9fe053c-b9fa23f9"><div class="rating-stars"><div style="width: 76.8%;" class="rating-stars__stars rating-stars__stars--top" aria-hidden="true"><span aria-hidden="true">★</span><span aria-hidden="true">★</span><span aria-hidden="true">★</span><span aria-hidden="true">★</span><span aria-hidden="true">★</span></div><div class="rating-stars__stars rating-stars__stars--bottom" aria-hidden="true"><span aria-hidden="true">☆</span><span aria-hidden="true">☆</span><span aria-hidden="true">☆</span><span aria-hidden="true">☆</span><span aria-hidden="true">☆</span></div></div><span class="co-product__review-count" aria-hidden="true">(50)</span></button></div><div class="co-item__bundled-item-count-container"></div><div class="co-item__promo-container co-item__promo-container--rest-in-shelf"></div><div class="label-container"><div><ul><div class="co-item__icon-list-container"><ul class="co-product__promo-icon-list co-item__promo-icon-list co-item__promo-icon-list--list-position"><li class="co-product__promo-icon-item"><div class="co-product__promo-icon-image-cntr"><button data-auto-id="btnPromo" type="button" class="asda-btn asda-btn--plain co-product__promo-icon-button" aria-label="show information on Frozen"><picture class="asda-image picture"><source srcset="https://ui.assets-asda.com/dm/_046_frozen?$Icon-wapp2x$="><img alt="Frozen" class="asda-img asda-image co-product__promo-icon-img" data-auto-id="" src="https://ui.assets-asda.com/dm/_046_frozen?$Icon-wapp2x$=" loading="lazy" title="Frozen"></picture></button></div></li><li class="co-product__promo-icon-item"><div class="co-product__promo-icon-image-cntr"><button data-auto-id="btnPromo" type="button" class="asda-btn asda-btn--plain co-product__promo-icon-button" aria-label="show information on Live Better"><picture class="asda-image picture"><source srcset="https://ui.assets-asda.com/dm/_923_LiveBetter_Update?$Icon-wapp2x$="><img alt="Live Better" class="asda-img asda-image co-product__promo-icon-img" data-auto-id="" src="https://ui.assets-asda.com/dm/_923_LiveBetter_Update?$Icon-wapp2x$=" loading="lazy" title="Live Better"></picture></button></div></li></ul></div></ul></div></div></div><div class="co-item__col3 co-item__col3--rest-in-shelf"><div class="co-item__price-container co-item__price-container--rest-in-shelf"><span class="co-item__price-per-uom"><strong class="co-product__price"><span class="co-product__hidden-label"> now </span>£2.64</strong><p class="co-item__price-per-uom-msg"><span class="co-product__price-per-uom">(£6.60/kg)</span></p></span></div><div class="co-item__quantity-container co-item__quantity-container--rest-in-shelf"><div class="co-item__quantity-container"><div class="quantity-button"><div class="add-button-with-tooltip"><div class="tooltip-wrapper"><button data-auto-id="btnAdd" type="button" class="asda-btn asda-btn--primary asda-btn--fluid add-button" aria-label="Add item ASDA 12 Wholegrain Under The Sea Cod &amp; Vegetable Shapes 400g to cart" data-di-id="di-id-bd5e14ce-b3d9e896">Add</button></div></div></div></div></div></div><div class="co-item__col4"><a class="asda-link asda-link--primary" data-auto-id="linkViewTheShelf" target="_self" href="/shelf/frozen-food/chicken-meat-fish/frozen-fish/fish-fingers-shapes/1215338621416-1215666947082-1215685961757-910001112636" data-di-id="di-id-5e510a12-5c954c41">View the shelf</a></div></div></div></li><li class=" co-item co-item--rest-in-shelf " style="order: 32;"><div><div class="co-product"><div class="co-item__col1 co-item__col1--rest-in-shelf"><button type="button" data-auto-id="linkProductImage" class="asda-link asda-link--primary asda-link--button" aria-disabled="false"><div class="thumbnail__image-container co-product__image co-product__image--rest-in-shelf co-item__image"><picture class="asda-image picture"><source type="image/webp" srcset="https://ui.assets-asda.com/dm/asdagroceries/5063089700761?$ProdList2x$=&amp;fmt=webp"><img alt="ASDA 4 Breaded Cod Fillets 440g" class="asda-img asda-image thumbnail__image" data-auto-id="" src="https://ui.assets-asda.com/dm/asdagroceries/5063089700761?$ProdList2x$=&amp;fmt=jpg" loading="lazy" title="ASDA 4 Breaded Cod Fillets 440g"></picture></div></button><div class="co-item__items-container"><div class="co-item-fsl__favourites-image-container co-item__items" role="presentation" data-auto-id="favouritesAndShoppingList"><div class="context-wrapper"><button data-auto-id="" type="button" class="asda-btn asda-btn--plain asda-btn--icon co-item-fsl__favourites-button" aria-label="options for favourite shopping list" aria-expanded="false"><span role="img" data-auto-id="" class="asda-icon asda-icon--white asda-icon--regular asda-icon--rotate0 co-item-fsl__favourites-image co-item__items"><svg viewBox="0 0 35 23" xmlns="http://www.w3.org/2000/svg" xmlns:xlink="http://www.w3.org/1999/xlink" data-di-res-id="4b033b87-ef162f82" data-di-rand="1750009195271"><defs><path id="asda_fav_list_1" d="M7.02 2C7 2.344 7 2.685 7 3h6c0-.315 0-.656-.02-1H18c1 0 2 .784 2 1.667v17.667C20 22.167 19 23 18 23H2c-1 0-2-.833-2-1.666V3.667C0 2.833 1 2 2 2h5.02zM12 2H8c0-1 1-2 2-2s2 1 2 2zM7 17v2h10v-2H7zm-4-5v2h2v-2H3zm0-5v2h2V7H3zm0 10v2h2v-2H3zm4-5v2h10v-2H7zm0-5v2h10V7H7z"></path><path id="asda_fav_list_2" d="M24 21c-1.818-1.8-10-7.65-10-12.6C14 5.7 15.818 3 19 3c2 0 4 .82 5 3.295C25 3.82 27 3 29 3c3.182 0 5 2.7 5 5.4 0 4.95-8.182 10.8-10 12.6z"></path></defs><g class="asda-icon__draw" fill="none" fill-rule="evenodd"><use fill="#3d3d3d" xlink:href="#asda_fav_list_1"></use><use class="asda-icon__draw" fill="#FFF" stroke="#3d3d3d" stroke-width="1.9" xlink:href="#asda_fav_list_2"></use></g></svg></span></button></div></div><div class="co-item__volume-container co-item__items"><span class="co-product__volume co-item__volume">440g      </span></div></div></div><div class="co-item__col2 co-item__col2--rest-in-shelf co-item__col2--has-icon-list"><div class="co-item__title-container co-item__title-container--rest-in-shelf"><h3 class="co-product__title"><a class="co-product__anchor" data-auto-id="linkProductTitle" href="/product/battered-breaded-fish/asda-4-breaded-cod-fillets-440-g/1000383251813" data-di-id="di-id-d0aca660-cb29acb7">ASDA 4 Breaded Cod Fillets 440g</a></h3></div><div class="co-item__rating-container"><button type="button" data-auto-id="linkProductRating" class="asda-link asda-link--primary asda-link--button co-product__rating" aria-disabled="false" aria-label="4.17 stars out of 5 based on 23 reviews, you will be taken to the reviews on clicking this" data-di-id="di-id-f9fe053c-979866bf"><div class="rating-stars"><div style="width: 83.4%;" class="rating-stars__stars rating-stars__stars--top" aria-hidden="true"><span aria-hidden="true">★</span><span aria-hidden="true">★</span><span aria-hidden="true">★</span><span aria-hidden="true">★</span><span aria-hidden="true">★</span></div><div class="rating-stars__stars rating-stars__stars--bottom" aria-hidden="true"><span aria-hidden="true">☆</span><span aria-hidden="true">☆</span><span aria-hidden="true">☆</span><span aria-hidden="true">☆</span><span aria-hidden="true">☆</span></div></div><span class="co-product__review-count" aria-hidden="true">(23)</span></button></div><div class="co-item__bundled-item-count-container"></div><div class="co-item__promo-container co-item__promo-container--rest-in-shelf"></div><div class="label-container"><div><ul><div class="co-item__icon-list-container"><ul class="co-product__promo-icon-list co-item__promo-icon-list co-item__promo-icon-list--list-position"><li class="co-product__promo-icon-item"><div class="co-product__promo-icon-image-cntr"><button data-auto-id="btnPromo" type="button" class="asda-btn asda-btn--plain co-product__promo-icon-button" aria-label="show information on Frozen"><picture class="asda-image picture"><source srcset="https://ui.assets-asda.com/dm/_046_frozen?$Icon-wapp2x$="><img alt="Frozen" class="asda-img asda-image co-product__promo-icon-img" data-auto-id="" src="https://ui.assets-asda.com/dm/_046_frozen?$Icon-wapp2x$=" loading="lazy" title="Frozen"></picture></button></div></li></ul></div></ul></div></div></div><div class="co-item__col3 co-item__col3--rest-in-shelf"><div class="co-item__price-container co-item__price-container--rest-in-shelf"><span class="co-item__price-per-uom"><strong class="co-product__price"><span class="co-product__hidden-label"> now </span>£3.75</strong><p class="co-item__price-per-uom-msg"><span class="co-product__price-per-uom">(£8.52/kg)</span></p></span></div><div class="co-item__quantity-container co-item__quantity-container--rest-in-shelf"><div class="co-item__quantity-container"><div class="quantity-button"><div class="add-button-with-tooltip"><div class="tooltip-wrapper"><button data-auto-id="btnAdd" type="button" class="asda-btn asda-btn--primary asda-btn--fluid add-button" aria-label="Add item ASDA 4 Breaded Cod Fillets 440g to cart" data-di-id="di-id-bd5e14ce-b3d9e896">Add</button></div></div></div></div></div></div><div class="co-item__col4"><a class="asda-link asda-link--primary" data-auto-id="linkViewTheShelf" target="_self" href="/shelf/frozen-food/chicken-meat-fish/frozen-fish/battered-breaded-fish/1215338621416-1215666947082-1215685961757-910000977050" data-di-id="di-id-85340ba2-5a4e7c17">View the shelf</a></div></div></div></li><li class=" co-item co-item--rest-in-shelf " style="order: 33;"><div><div class="co-product"><div class="co-item__col1 co-item__col1--rest-in-shelf"><button type="button" data-auto-id="linkProductImage" class="asda-link asda-link--primary asda-link--button" aria-disabled="false"><div class="thumbnail__image-container co-product__image co-product__image--rest-in-shelf co-item__image"><picture class="asda-image picture"><source type="image/webp" srcset="https://ui.assets-asda.com/dm/asdagroceries/5000205037400?$ProdList2x$=&amp;fmt=webp"><img alt="Young's 2 Scottish Kipper Fillets with Butter" class="asda-img asda-image thumbnail__image" data-auto-id="" src="https://ui.assets-asda.com/dm/asdagroceries/5000205037400?$ProdList2x$=&amp;fmt=jpg" loading="lazy" title="Young's 2 Scottish Kipper Fillets with Butter"></picture></div></button><div class="co-item__items-container"><div class="co-item-fsl__favourites-image-container co-item__items" role="presentation" data-auto-id="favouritesAndShoppingList"><div class="context-wrapper"><button data-auto-id="" type="button" class="asda-btn asda-btn--plain asda-btn--icon co-item-fsl__favourites-button" aria-label="options for favourite shopping list" aria-expanded="false"><span role="img" data-auto-id="" class="asda-icon asda-icon--white asda-icon--regular asda-icon--rotate0 co-item-fsl__favourites-image co-item__items"><svg viewBox="0 0 35 23" xmlns="http://www.w3.org/2000/svg" xmlns:xlink="http://www.w3.org/1999/xlink" data-di-res-id="4b033b87-14052062" data-di-rand="1750009195271"><defs><path id="asda_fav_list_1" d="M7.02 2C7 2.344 7 2.685 7 3h6c0-.315 0-.656-.02-1H18c1 0 2 .784 2 1.667v17.667C20 22.167 19 23 18 23H2c-1 0-2-.833-2-1.666V3.667C0 2.833 1 2 2 2h5.02zM12 2H8c0-1 1-2 2-2s2 1 2 2zM7 17v2h10v-2H7zm-4-5v2h2v-2H3zm0-5v2h2V7H3zm0 10v2h2v-2H3zm4-5v2h10v-2H7zm0-5v2h10V7H7z"></path><path id="asda_fav_list_2" d="M24 21c-1.818-1.8-10-7.65-10-12.6C14 5.7 15.818 3 19 3c2 0 4 .82 5 3.295C25 3.82 27 3 29 3c3.182 0 5 2.7 5 5.4 0 4.95-8.182 10.8-10 12.6z"></path></defs><g class="asda-icon__draw" fill="none" fill-rule="evenodd"><use fill="#3d3d3d" xlink:href="#asda_fav_list_1"></use><use class="asda-icon__draw" fill="#FFF" stroke="#3d3d3d" stroke-width="1.9" xlink:href="#asda_fav_list_2"></use></g></svg></span></button></div></div><div class="co-item__volume-container co-item__items"><span class="co-product__volume co-item__volume">170g      </span></div></div></div><div class="co-item__col2 co-item__col2--rest-in-shelf co-item__col2--has-icon-list"><div class="co-item__title-container co-item__title-container--rest-in-shelf"><h3 class="co-product__title"><a class="co-product__anchor" data-auto-id="linkProductTitle" href="/product/frozen-fish-fillets/youngs-2-scottish-kipper-fillets-with-butter/910000202164" data-di-id="di-id-d9e87428-731d4411">Young's 2 Scottish Kipper Fillets with Butter</a></h3></div><div class="co-item__rating-container"><button type="button" data-auto-id="linkProductRating" class="asda-link asda-link--primary asda-link--button co-product__rating" aria-disabled="false" aria-label="3.71 stars out of 5 based on 42 reviews, you will be taken to the reviews on clicking this" data-di-id="di-id-f9fe053c-8a0e2b4c"><div class="rating-stars"><div style="width: 74.2%;" class="rating-stars__stars rating-stars__stars--top" aria-hidden="true"><span aria-hidden="true">★</span><span aria-hidden="true">★</span><span aria-hidden="true">★</span><span aria-hidden="true">★</span><span aria-hidden="true">★</span></div><div class="rating-stars__stars rating-stars__stars--bottom" aria-hidden="true"><span aria-hidden="true">☆</span><span aria-hidden="true">☆</span><span aria-hidden="true">☆</span><span aria-hidden="true">☆</span><span aria-hidden="true">☆</span></div></div><span class="co-product__review-count" aria-hidden="true">(42)</span></button></div><div class="co-item__bundled-item-count-container"></div><div class="co-item__promo-container co-item__promo-container--rest-in-shelf"></div><div class="label-container"><div><ul><div class="co-item__icon-list-container"><ul class="co-product__promo-icon-list co-item__promo-icon-list co-item__promo-icon-list--list-position"><li class="co-product__promo-icon-item"><div class="co-product__promo-icon-image-cntr"><button data-auto-id="btnPromo" type="button" class="asda-btn asda-btn--plain co-product__promo-icon-button" aria-label="show information on Frozen"><picture class="asda-image picture"><source srcset="https://ui.assets-asda.com/dm/_046_frozen?$Icon-wapp2x$="><img alt="Frozen" class="asda-img asda-image co-product__promo-icon-img" data-auto-id="" src="https://ui.assets-asda.com/dm/_046_frozen?$Icon-wapp2x$=" loading="lazy" title="Frozen"></picture></button></div></li></ul></div></ul></div></div></div><div class="co-item__col3 co-item__col3--rest-in-shelf"><div class="co-item__price-container co-item__price-container--rest-in-shelf"><span class="co-item__price-per-uom"><strong class="co-product__price"><span class="co-product__hidden-label"> now </span>£1.58</strong><p class="co-item__price-per-uom-msg"><span class="co-product__price-per-uom">(£9.29/kg)</span></p></span></div><div class="co-item__quantity-container co-item__quantity-container--rest-in-shelf"><div class="co-item__quantity-container"><div class="quantity-button"><div class="add-button-with-tooltip"><div class="tooltip-wrapper"><button data-auto-id="btnAdd" type="button" class="asda-btn asda-btn--primary asda-btn--fluid add-button" aria-label="Add item Young's 2 Scottish Kipper Fillets with Butter to cart" data-di-id="di-id-bd5e14ce-b3d9e896">Add</button></div></div></div></div></div></div><div class="co-item__col4"><a class="asda-link asda-link--primary" data-auto-id="linkViewTheShelf" target="_self" href="/shelf/frozen-food/chicken-meat-fish/frozen-fish/frozen-fish-fillets/1215338621416-1215666947082-1215685961757-910001112641" data-di-id="di-id-5e510a12-ebcd8cfa">View the shelf</a></div></div></div></li><li class=" co-item co-item--rest-in-shelf " style="order: 34;"><div><div class="co-product"><div class="co-item__col1 co-item__col1--rest-in-shelf"><button type="button" data-auto-id="linkProductImage" class="asda-link asda-link--primary asda-link--button" aria-disabled="false"><div class="thumbnail__image-container co-product__image co-product__image--rest-in-shelf co-item__image"><picture class="asda-image picture"><source type="image/webp" srcset="https://ui.assets-asda.com/dm/asdagroceries/5054070265277?$ProdList2x$=&amp;fmt=webp"><img alt="ASDA Rich Roasted Garlic Butter Mussels" class="asda-img asda-image thumbnail__image" data-auto-id="" src="https://ui.assets-asda.com/dm/asdagroceries/5054070265277?$ProdList2x$=&amp;fmt=jpg" loading="lazy" title="ASDA Rich Roasted Garlic Butter Mussels"></picture></div></button><div class="co-item__items-container"><div class="co-item-fsl__favourites-image-container co-item__items" role="presentation" data-auto-id="favouritesAndShoppingList"><div class="context-wrapper"><button data-auto-id="" type="button" class="asda-btn asda-btn--plain asda-btn--icon co-item-fsl__favourites-button" aria-label="options for favourite shopping list" aria-expanded="false"><span role="img" data-auto-id="" class="asda-icon asda-icon--white asda-icon--regular asda-icon--rotate0 co-item-fsl__favourites-image co-item__items"><svg viewBox="0 0 35 23" xmlns="http://www.w3.org/2000/svg" xmlns:xlink="http://www.w3.org/1999/xlink" data-di-res-id="4b033b87-6744e327" data-di-rand="1750009195271"><defs><path id="asda_fav_list_1" d="M7.02 2C7 2.344 7 2.685 7 3h6c0-.315 0-.656-.02-1H18c1 0 2 .784 2 1.667v17.667C20 22.167 19 23 18 23H2c-1 0-2-.833-2-1.666V3.667C0 2.833 1 2 2 2h5.02zM12 2H8c0-1 1-2 2-2s2 1 2 2zM7 17v2h10v-2H7zm-4-5v2h2v-2H3zm0-5v2h2V7H3zm0 10v2h2v-2H3zm4-5v2h10v-2H7zm0-5v2h10V7H7z"></path><path id="asda_fav_list_2" d="M24 21c-1.818-1.8-10-7.65-10-12.6C14 5.7 15.818 3 19 3c2 0 4 .82 5 3.295C25 3.82 27 3 29 3c3.182 0 5 2.7 5 5.4 0 4.95-8.182 10.8-10 12.6z"></path></defs><g class="asda-icon__draw" fill="none" fill-rule="evenodd"><use fill="#3d3d3d" xlink:href="#asda_fav_list_1"></use><use class="asda-icon__draw" fill="#FFF" stroke="#3d3d3d" stroke-width="1.9" xlink:href="#asda_fav_list_2"></use></g></svg></span></button></div></div><div class="co-item__volume-container co-item__items"><span class="co-product__volume co-item__volume">500g      </span></div></div></div><div class="co-item__col2 co-item__col2--rest-in-shelf"><div class="co-item__title-container co-item__title-container--rest-in-shelf"><h3 class="co-product__title"><a class="co-product__anchor" data-auto-id="linkProductTitle" href="/product/prawns-mussels/asda-rich-roasted-garlic-butter-mussels/910001345414" data-di-id="di-id-d0aca660-df55cef6">ASDA Rich Roasted Garlic Butter Mussels</a></h3></div><div class="co-item__rating-container"><button type="button" data-auto-id="linkProductRating" class="asda-link asda-link--primary asda-link--button co-product__rating" aria-disabled="false" aria-label="3.83 stars out of 5 based on 50+ reviews, you will be taken to the reviews on clicking this" data-di-id="di-id-f9fe053c-665ea5f8"><div class="rating-stars"><div style="width: 76.6%;" class="rating-stars__stars rating-stars__stars--top" aria-hidden="true"><span aria-hidden="true">★</span><span aria-hidden="true">★</span><span aria-hidden="true">★</span><span aria-hidden="true">★</span><span aria-hidden="true">★</span></div><div class="rating-stars__stars rating-stars__stars--bottom" aria-hidden="true"><span aria-hidden="true">☆</span><span aria-hidden="true">☆</span><span aria-hidden="true">☆</span><span aria-hidden="true">☆</span><span aria-hidden="true">☆</span></div></div><span class="co-product__review-count" aria-hidden="true">(50+)</span></button></div><div class="co-item__bundled-item-count-container"></div><div class="co-item__promo-container co-item__promo-container--rest-in-shelf"></div><div class="label-container"><div><ul></ul></div></div></div><div class="co-item__col3 co-item__col3--rest-in-shelf"><div class="co-item__price-container co-item__price-container--rest-in-shelf"><span class="co-item__price-per-uom"><strong class="co-product__price"><span class="co-product__hidden-label"> now </span>£2.98</strong><p class="co-item__price-per-uom-msg"><span class="co-product__price-per-uom">(£5.96/kg)</span></p></span></div><div class="co-item__quantity-container co-item__quantity-container--rest-in-shelf"><div class="co-item__quantity-container"><div class="quantity-button"><div class="add-button-with-tooltip"><div class="tooltip-wrapper"><button data-auto-id="btnAdd" type="button" class="asda-btn asda-btn--primary asda-btn--fluid add-button" aria-label="Add item ASDA Rich Roasted Garlic Butter Mussels to cart" data-di-id="di-id-bd5e14ce-b3d9e896">Add</button></div></div></div></div></div></div><div class="co-item__col4"><a class="asda-link asda-link--primary" data-auto-id="linkViewTheShelf" target="_self" href="/aisle/meat-poultry-fish/fish-seafood/prawns-mussels/1215135760597-1215337195095-1215685901164" data-di-id="di-id-6a68b9ae-496a12a3">View the shelf</a></div></div></div></li><li class=" co-item co-item--rest-in-shelf " style="order: 35;"><div><div class="co-product"><div class="co-item__col1 co-item__col1--rest-in-shelf"><button type="button" data-auto-id="linkProductImage" class="asda-link asda-link--primary asda-link--button" aria-disabled="false"><div class="thumbnail__image-container co-product__image co-product__image--rest-in-shelf co-item__image"><picture class="asda-image picture"><source type="image/webp" srcset="https://ui.assets-asda.com/dm/asdagroceries/5063089482810?$ProdList2x$=&amp;fmt=webp"><img alt="Exceptional by ASDA Smoked Haddock, Cheddar &amp; Leek Fishcakes 290g" class="asda-img asda-image thumbnail__image" data-auto-id="" src="https://ui.assets-asda.com/dm/asdagroceries/5063089482810?$ProdList2x$=&amp;fmt=jpg" loading="lazy" title="Exceptional by ASDA Smoked Haddock, Cheddar &amp; Leek Fishcakes 290g"></picture></div></button><div class="co-item__items-container"><div class="co-item-fsl__favourites-image-container co-item__items" role="presentation" data-auto-id="favouritesAndShoppingList"><div class="context-wrapper"><button data-auto-id="" type="button" class="asda-btn asda-btn--plain asda-btn--icon co-item-fsl__favourites-button" aria-label="options for favourite shopping list" aria-expanded="false"><span role="img" data-auto-id="" class="asda-icon asda-icon--white asda-icon--regular asda-icon--rotate0 co-item-fsl__favourites-image co-item__items"><svg viewBox="0 0 35 23" xmlns="http://www.w3.org/2000/svg" xmlns:xlink="http://www.w3.org/1999/xlink" data-di-res-id="59b69469-8d0e15b1" data-di-rand="1750009195272"><defs><path id="asda_fav_list_1" d="M7.02 2C7 2.344 7 2.685 7 3h6c0-.315 0-.656-.02-1H18c1 0 2 .784 2 1.667v17.667C20 22.167 19 23 18 23H2c-1 0-2-.833-2-1.666V3.667C0 2.833 1 2 2 2h5.02zM12 2H8c0-1 1-2 2-2s2 1 2 2zM7 17v2h10v-2H7zm-4-5v2h2v-2H3zm0-5v2h2V7H3zm0 10v2h2v-2H3zm4-5v2h10v-2H7zm0-5v2h10V7H7z"></path><path id="asda_fav_list_2" d="M24 21c-1.818-1.8-10-7.65-10-12.6C14 5.7 15.818 3 19 3c2 0 4 .82 5 3.295C25 3.82 27 3 29 3c3.182 0 5 2.7 5 5.4 0 4.95-8.182 10.8-10 12.6z"></path></defs><g class="asda-icon__draw" fill="none" fill-rule="evenodd"><use fill="#3d3d3d" xlink:href="#asda_fav_list_1"></use><use class="asda-icon__draw" fill="#FFF" stroke="#3d3d3d" stroke-width="1.9" xlink:href="#asda_fav_list_2"></use></g></svg></span></button></div></div><div class="co-item__volume-container co-item__items"><span class="co-product__volume co-item__volume">290g      </span></div></div><div class="link-save-banner"><a class="link-save-banner-large__anchor link-save-banner-large__anchor--hyperlink" data-auto-id="linkPromoDetail" href="/promotion/any-2-for-4.98/ls94955" data-di-id="di-id-cde0763d-e70becc5"><div class="link-save-banner-large__meat-sticker"><span class="link-save-banner-large__config link-save-banner-large__config--block link-save-banner-large__config--font-normal link-save-banner-large__config--center link-save-banner-large__config--height-normal">Any 2 for </span><span class="link-save-banner-large__config link-save-banner-large__config--block link-save-banner-large__config--font-huge link-save-banner-large__config--up-small">£4.98</span><span class="link-save-banner-large__view-all">View all</span></div></a></div></div><div class="co-item__col2 co-item__col2--rest-in-shelf co-item__col2--has-icon-list"><div class="co-item__title-container co-item__title-container--rest-in-shelf"><h3 class="co-product__title"><a class="co-product__anchor" data-auto-id="linkProductTitle" href="/product/breaded-fish-fishcakes/exceptional-by-asda-smoked-haddock-cheddar-leek-fishcakes-290-g/1000383229638" data-di-id="di-id-70846482-3e1a9fa3">Exceptional by ASDA Smoked Haddock, Cheddar &amp; Leek Fishcakes 290g</a></h3></div><div class="co-item__rating-container"><button type="button" data-auto-id="linkProductRating" class="asda-link asda-link--primary asda-link--button co-product__rating" aria-disabled="false" aria-label="3.55 stars out of 5 based on 50+ reviews, you will be taken to the reviews on clicking this" data-di-id="di-id-f9fe053c-665ea5f8"><div class="rating-stars"><div style="width: 71%;" class="rating-stars__stars rating-stars__stars--top" aria-hidden="true"><span aria-hidden="true">★</span><span aria-hidden="true">★</span><span aria-hidden="true">★</span><span aria-hidden="true">★</span><span aria-hidden="true">★</span></div><div class="rating-stars__stars rating-stars__stars--bottom" aria-hidden="true"><span aria-hidden="true">☆</span><span aria-hidden="true">☆</span><span aria-hidden="true">☆</span><span aria-hidden="true">☆</span><span aria-hidden="true">☆</span></div></div><span class="co-product__review-count" aria-hidden="true">(50+)</span></button></div><div class="co-item__bundled-item-count-container"></div><div class="co-item__promo-container co-item__promo-container--rest-in-shelf"></div><div class="label-container"><div><ul><div class="co-item__icon-list-container"><ul class="co-product__promo-icon-list co-item__promo-icon-list co-item__promo-icon-list--list-position"><li class="co-product__promo-icon-item"><div class="co-product__promo-icon-image-cntr"><button data-auto-id="btnPromo" type="button" class="asda-btn asda-btn--plain co-product__promo-icon-button" aria-label="show information on Typically fresh for 4 days"><picture class="asda-image picture"><source srcset="https://ui.assets-asda.com/dm/produce-4-days-icon?$Icon-wapp2x$="><img alt="Typically fresh for 4 days" class="asda-img asda-image co-product__promo-icon-img" data-auto-id="" src="https://ui.assets-asda.com/dm/produce-4-days-icon?$Icon-wapp2x$=" loading="lazy" title="Typically fresh for 4 days"></picture></button></div></li></ul></div></ul></div></div></div><div class="co-item__col3 co-item__col3--rest-in-shelf"><div class="co-item__price-container co-item__price-container--rest-in-shelf"><span class="co-item__price-per-uom"><strong class="co-product__price"><span class="co-product__hidden-label"> now </span>£2.83</strong><p class="co-item__price-per-uom-msg"><span class="co-product__price-per-uom">(£9.76/kg)</span></p></span></div><div class="co-item__quantity-container co-item__quantity-container--rest-in-shelf"><div class="co-item__quantity-container"><div class="quantity-button"><div class="add-button-with-tooltip"><div class="tooltip-wrapper"><button data-auto-id="btnAdd" type="button" class="asda-btn asda-btn--primary asda-btn--fluid add-button" aria-label="Add item Exceptional by ASDA Smoked Haddock, Cheddar &amp; Leek Fishcakes 290g to cart" data-di-id="di-id-bd5e14ce-b3d9e896">Add</button></div></div></div></div></div></div><div class="co-item__col4"><a class="asda-link asda-link--primary" data-auto-id="linkViewTheShelf" target="_self" href="/aisle/meat-poultry-fish/fish-seafood/breaded-fish-fishcakes/1215135760597-1215337195095-1215685462261" data-di-id="di-id-b88f03a4-60fdf865">View the shelf</a></div></div></div></li><li class=" co-item co-item--rest-in-shelf " style="order: 36;"><div><div class="co-product"><div class="co-item__col1 co-item__col1--rest-in-shelf"><button type="button" data-auto-id="linkProductImage" class="asda-link asda-link--primary asda-link--button" aria-disabled="false"><div class="thumbnail__image-container co-product__image co-product__image--rest-in-shelf co-item__image"><picture class="asda-image picture"><source type="image/webp" srcset="https://ui.assets-asda.com/dm/asdagroceries/5063089482988?$ProdList2x$=&amp;fmt=webp"><img alt="Exceptional by ASDA King Prawn &amp; Cod Fishcakes 290g" class="asda-img asda-image thumbnail__image" data-auto-id="" src="https://ui.assets-asda.com/dm/asdagroceries/5063089482988?$ProdList2x$=&amp;fmt=jpg" loading="lazy" title="Exceptional by ASDA King Prawn &amp; Cod Fishcakes 290g"></picture></div></button><div class="co-item__items-container"><div class="co-item-fsl__favourites-image-container co-item__items" role="presentation" data-auto-id="favouritesAndShoppingList"><div class="context-wrapper"><button data-auto-id="" type="button" class="asda-btn asda-btn--plain asda-btn--icon co-item-fsl__favourites-button" aria-label="options for favourite shopping list" aria-expanded="false"><span role="img" data-auto-id="" class="asda-icon asda-icon--white asda-icon--regular asda-icon--rotate0 co-item-fsl__favourites-image co-item__items"><svg viewBox="0 0 35 23" xmlns="http://www.w3.org/2000/svg" xmlns:xlink="http://www.w3.org/1999/xlink" data-di-res-id="59b69469-1714a0b3" data-di-rand="1750009195272"><defs><path id="asda_fav_list_1" d="M7.02 2C7 2.344 7 2.685 7 3h6c0-.315 0-.656-.02-1H18c1 0 2 .784 2 1.667v17.667C20 22.167 19 23 18 23H2c-1 0-2-.833-2-1.666V3.667C0 2.833 1 2 2 2h5.02zM12 2H8c0-1 1-2 2-2s2 1 2 2zM7 17v2h10v-2H7zm-4-5v2h2v-2H3zm0-5v2h2V7H3zm0 10v2h2v-2H3zm4-5v2h10v-2H7zm0-5v2h10V7H7z"></path><path id="asda_fav_list_2" d="M24 21c-1.818-1.8-10-7.65-10-12.6C14 5.7 15.818 3 19 3c2 0 4 .82 5 3.295C25 3.82 27 3 29 3c3.182 0 5 2.7 5 5.4 0 4.95-8.182 10.8-10 12.6z"></path></defs><g class="asda-icon__draw" fill="none" fill-rule="evenodd"><use fill="#3d3d3d" xlink:href="#asda_fav_list_1"></use><use class="asda-icon__draw" fill="#FFF" stroke="#3d3d3d" stroke-width="1.9" xlink:href="#asda_fav_list_2"></use></g></svg></span></button></div></div><div class="co-item__volume-container co-item__items"><span class="co-product__volume co-item__volume">290g      </span></div></div><div class="link-save-banner"><a class="link-save-banner-large__anchor link-save-banner-large__anchor--hyperlink" data-auto-id="linkPromoDetail" href="/promotion/any-2-for-4.98/ls94955" data-di-id="di-id-cde0763d-e70becc5"><div class="link-save-banner-large__meat-sticker"><span class="link-save-banner-large__config link-save-banner-large__config--block link-save-banner-large__config--font-normal link-save-banner-large__config--center link-save-banner-large__config--height-normal">Any 2 for </span><span class="link-save-banner-large__config link-save-banner-large__config--block link-save-banner-large__config--font-huge link-save-banner-large__config--up-small">£4.98</span><span class="link-save-banner-large__view-all">View all</span></div></a></div></div><div class="co-item__col2 co-item__col2--rest-in-shelf co-item__col2--has-icon-list"><div class="co-item__title-container co-item__title-container--rest-in-shelf"><h3 class="co-product__title"><a class="co-product__anchor" data-auto-id="linkProductTitle" href="/product/breaded-fish-fishcakes/exceptional-by-asda-king-prawn-cod-fishcakes-290-g/1000383229680" data-di-id="di-id-a00ed786-665002ab">Exceptional by ASDA King Prawn &amp; Cod Fishcakes 290g</a></h3></div><div class="co-item__rating-container"><button type="button" data-auto-id="linkProductRating" class="asda-link asda-link--primary asda-link--button co-product__rating" aria-disabled="false" aria-label="2.77 stars out of 5 based on 22 reviews, you will be taken to the reviews on clicking this" data-di-id="di-id-f9fe053c-8e8357fe"><div class="rating-stars"><div style="width: 55.4%;" class="rating-stars__stars rating-stars__stars--top" aria-hidden="true"><span aria-hidden="true">★</span><span aria-hidden="true">★</span><span aria-hidden="true">★</span><span aria-hidden="true">★</span><span aria-hidden="true">★</span></div><div class="rating-stars__stars rating-stars__stars--bottom" aria-hidden="true"><span aria-hidden="true">☆</span><span aria-hidden="true">☆</span><span aria-hidden="true">☆</span><span aria-hidden="true">☆</span><span aria-hidden="true">☆</span></div></div><span class="co-product__review-count" aria-hidden="true">(22)</span></button></div><div class="co-item__bundled-item-count-container"></div><div class="co-item__promo-container co-item__promo-container--rest-in-shelf"></div><div class="label-container"><div><ul><div class="co-item__icon-list-container"><ul class="co-product__promo-icon-list co-item__promo-icon-list co-item__promo-icon-list--list-position"><li class="co-product__promo-icon-item"><div class="co-product__promo-icon-image-cntr"><button data-auto-id="btnPromo" type="button" class="asda-btn asda-btn--plain co-product__promo-icon-button" aria-label="show information on Typically fresh for 4 days"><picture class="asda-image picture"><source srcset="https://ui.assets-asda.com/dm/produce-4-days-icon?$Icon-wapp2x$="><img alt="Typically fresh for 4 days" class="asda-img asda-image co-product__promo-icon-img" data-auto-id="" src="https://ui.assets-asda.com/dm/produce-4-days-icon?$Icon-wapp2x$=" loading="lazy" title="Typically fresh for 4 days"></picture></button></div></li></ul></div></ul></div></div></div><div class="co-item__col3 co-item__col3--rest-in-shelf"><div class="co-item__price-container co-item__price-container--rest-in-shelf"><span class="co-item__price-per-uom"><strong class="co-product__price"><span class="co-product__hidden-label"> now </span>£2.83</strong><p class="co-item__price-per-uom-msg"><span class="co-product__price-per-uom">(£9.76/kg)</span></p></span></div><div class="co-item__quantity-container co-item__quantity-container--rest-in-shelf"><div class="co-item__quantity-container"><div class="quantity-button"><div class="add-button-with-tooltip"><div class="tooltip-wrapper"><button data-auto-id="btnAdd" type="button" class="asda-btn asda-btn--primary asda-btn--fluid add-button" aria-label="Add item Exceptional by ASDA King Prawn &amp; Cod Fishcakes 290g to cart" data-di-id="di-id-bd5e14ce-b3d9e896">Add</button></div></div></div></div></div></div><div class="co-item__col4"><a class="asda-link asda-link--primary" data-auto-id="linkViewTheShelf" target="_self" href="/aisle/meat-poultry-fish/fish-seafood/breaded-fish-fishcakes/1215135760597-1215337195095-1215685462261" data-di-id="di-id-b88f03a4-60fdf865">View the shelf</a></div></div></div></li><li class=" co-item co-item--rest-in-shelf " style="order: 37;"><div><div class="co-product"><div class="co-item__col1 co-item__col1--rest-in-shelf"><button type="button" data-auto-id="linkProductImage" class="asda-link asda-link--primary asda-link--button" aria-disabled="false"><div class="thumbnail__image-container co-product__image co-product__image--rest-in-shelf co-item__image"><picture class="asda-image picture"><source type="image/webp" srcset="https://ui.assets-asda.com/dm/asdagroceries/5000205035093?$ProdList2x$=&amp;fmt=webp"><img alt="Young's 4 Fish Steaks in a Creamy Parsley Sauce 560g" class="asda-img asda-image thumbnail__image" data-auto-id="" src="https://ui.assets-asda.com/dm/asdagroceries/5000205035093?$ProdList2x$=&amp;fmt=jpg" loading="lazy" title="Young's 4 Fish Steaks in a Creamy Parsley Sauce 560g"></picture></div></button><div class="co-item__items-container"><div class="co-item-fsl__favourites-image-container co-item__items" role="presentation" data-auto-id="favouritesAndShoppingList"><div class="context-wrapper"><button data-auto-id="" type="button" class="asda-btn asda-btn--plain asda-btn--icon co-item-fsl__favourites-button" aria-label="options for favourite shopping list" aria-expanded="false"><span role="img" data-auto-id="" class="asda-icon asda-icon--white asda-icon--regular asda-icon--rotate0 co-item-fsl__favourites-image co-item__items"><svg viewBox="0 0 35 23" xmlns="http://www.w3.org/2000/svg" xmlns:xlink="http://www.w3.org/1999/xlink" data-di-res-id="59b69469-5a4606e0" data-di-rand="1750009195272"><defs><path id="asda_fav_list_1" d="M7.02 2C7 2.344 7 2.685 7 3h6c0-.315 0-.656-.02-1H18c1 0 2 .784 2 1.667v17.667C20 22.167 19 23 18 23H2c-1 0-2-.833-2-1.666V3.667C0 2.833 1 2 2 2h5.02zM12 2H8c0-1 1-2 2-2s2 1 2 2zM7 17v2h10v-2H7zm-4-5v2h2v-2H3zm0-5v2h2V7H3zm0 10v2h2v-2H3zm4-5v2h10v-2H7zm0-5v2h10V7H7z"></path><path id="asda_fav_list_2" d="M24 21c-1.818-1.8-10-7.65-10-12.6C14 5.7 15.818 3 19 3c2 0 4 .82 5 3.295C25 3.82 27 3 29 3c3.182 0 5 2.7 5 5.4 0 4.95-8.182 10.8-10 12.6z"></path></defs><g class="asda-icon__draw" fill="none" fill-rule="evenodd"><use fill="#3d3d3d" xlink:href="#asda_fav_list_1"></use><use class="asda-icon__draw" fill="#FFF" stroke="#3d3d3d" stroke-width="1.9" xlink:href="#asda_fav_list_2"></use></g></svg></span></button></div></div><div class="co-item__volume-container co-item__items"><span class="co-product__volume co-item__volume">560g      </span></div></div></div><div class="co-item__col2 co-item__col2--rest-in-shelf co-item__col2--has-icon-list"><div class="co-item__title-container co-item__title-container--rest-in-shelf"><h3 class="co-product__title"><a class="co-product__anchor" data-auto-id="linkProductTitle" href="/product/frozen-fish-fillets/youngs-4-fish-steaks-in-a-creamy-parsley-sauce-560-g/1000383184900" data-di-id="di-id-b5f8ea5-ecaf850d">Young's 4 Fish Steaks in a Creamy Parsley Sauce 560g</a></h3></div><div class="co-item__rating-container"><button type="button" data-auto-id="linkProductRating" class="asda-link asda-link--primary asda-link--button co-product__rating" aria-disabled="false" aria-label="3.5 stars out of 5 based on 40 reviews, you will be taken to the reviews on clicking this" data-di-id="di-id-f9fe053c-b83849ce"><div class="rating-stars"><div style="width: 70%;" class="rating-stars__stars rating-stars__stars--top" aria-hidden="true"><span aria-hidden="true">★</span><span aria-hidden="true">★</span><span aria-hidden="true">★</span><span aria-hidden="true">★</span><span aria-hidden="true">★</span></div><div class="rating-stars__stars rating-stars__stars--bottom" aria-hidden="true"><span aria-hidden="true">☆</span><span aria-hidden="true">☆</span><span aria-hidden="true">☆</span><span aria-hidden="true">☆</span><span aria-hidden="true">☆</span></div></div><span class="co-product__review-count" aria-hidden="true">(40)</span></button></div><div class="co-item__bundled-item-count-container"></div><div class="co-item__promo-container co-item__promo-container--rest-in-shelf"></div><div class="label-container"><div><ul><div class="co-item__icon-list-container"><ul class="co-product__promo-icon-list co-item__promo-icon-list co-item__promo-icon-list--list-position"><li class="co-product__promo-icon-item"><div class="co-product__promo-icon-image-cntr"><button data-auto-id="btnPromo" type="button" class="asda-btn asda-btn--plain co-product__promo-icon-button" aria-label="show information on Frozen"><picture class="asda-image picture"><source srcset="https://ui.assets-asda.com/dm/_046_frozen?$Icon-wapp2x$="><img alt="Frozen" class="asda-img asda-image co-product__promo-icon-img" data-auto-id="" src="https://ui.assets-asda.com/dm/_046_frozen?$Icon-wapp2x$=" loading="lazy" title="Frozen"></picture></button></div></li></ul></div></ul></div></div></div><div class="co-item__col3 co-item__col3--rest-in-shelf"><div class="co-item__price-container co-item__price-container--rest-in-shelf"><span class="co-item__price-per-uom"><strong class="co-product__price"><span class="co-product__hidden-label"> now </span>£4.48</strong><p class="co-item__price-per-uom-msg"><span class="co-product__price-per-uom">(£8.00/kg)</span></p></span></div><div class="co-item__quantity-container co-item__quantity-container--rest-in-shelf"><div class="co-item__quantity-container"><div class="quantity-button"><div class="add-button-with-tooltip"><div class="tooltip-wrapper"><button data-auto-id="btnAdd" type="button" class="asda-btn asda-btn--primary asda-btn--fluid add-button" aria-label="Add item Young's 4 Fish Steaks in a Creamy Parsley Sauce 560g to cart" data-di-id="di-id-bd5e14ce-b3d9e896">Add</button></div></div></div></div></div></div><div class="co-item__col4"><a class="asda-link asda-link--primary" data-auto-id="linkViewTheShelf" target="_self" href="/shelf/frozen-food/chicken-meat-fish/frozen-fish/frozen-fish-fillets/1215338621416-1215666947082-1215685961757-910001112641" data-di-id="di-id-5e510a12-ebcd8cfa">View the shelf</a></div></div></div></li><li class=" co-item co-item--rest-in-shelf " style="order: 38;"><div><div class="co-product"><div class="co-item__col1 co-item__col1--rest-in-shelf"><button type="button" data-auto-id="linkProductImage" class="asda-link asda-link--primary asda-link--button" aria-disabled="false"><div class="thumbnail__image-container co-product__image co-product__image--rest-in-shelf co-item__image"><picture class="asda-image picture"><source type="image/webp" srcset="https://ui.assets-asda.com/dm/asdagroceries/5000205040929?$ProdList2x$=&amp;fmt=webp"><img alt="Young's Wholetail Scampi" class="asda-img asda-image thumbnail__image" data-auto-id="" src="https://ui.assets-asda.com/dm/asdagroceries/5000205040929?$ProdList2x$=&amp;fmt=jpg" loading="lazy" title="Young's Wholetail Scampi"></picture></div></button><div class="co-item__items-container"><div class="co-item-fsl__favourites-image-container co-item__items" role="presentation" data-auto-id="favouritesAndShoppingList"><div class="context-wrapper"><button data-auto-id="" type="button" class="asda-btn asda-btn--plain asda-btn--icon co-item-fsl__favourites-button" aria-label="options for favourite shopping list" aria-expanded="false"><span role="img" data-auto-id="" class="asda-icon asda-icon--white asda-icon--regular asda-icon--rotate0 co-item-fsl__favourites-image co-item__items"><svg viewBox="0 0 35 23" xmlns="http://www.w3.org/2000/svg" xmlns:xlink="http://www.w3.org/1999/xlink" data-di-res-id="e10af30c-b0fdc7c8" data-di-rand="1750009195273"><defs><path id="asda_fav_list_1" d="M7.02 2C7 2.344 7 2.685 7 3h6c0-.315 0-.656-.02-1H18c1 0 2 .784 2 1.667v17.667C20 22.167 19 23 18 23H2c-1 0-2-.833-2-1.666V3.667C0 2.833 1 2 2 2h5.02zM12 2H8c0-1 1-2 2-2s2 1 2 2zM7 17v2h10v-2H7zm-4-5v2h2v-2H3zm0-5v2h2V7H3zm0 10v2h2v-2H3zm4-5v2h10v-2H7zm0-5v2h10V7H7z"></path><path id="asda_fav_list_2" d="M24 21c-1.818-1.8-10-7.65-10-12.6C14 5.7 15.818 3 19 3c2 0 4 .82 5 3.295C25 3.82 27 3 29 3c3.182 0 5 2.7 5 5.4 0 4.95-8.182 10.8-10 12.6z"></path></defs><g class="asda-icon__draw" fill="none" fill-rule="evenodd"><use fill="#3d3d3d" xlink:href="#asda_fav_list_1"></use><use class="asda-icon__draw" fill="#FFF" stroke="#3d3d3d" stroke-width="1.9" xlink:href="#asda_fav_list_2"></use></g></svg></span></button></div></div><div class="co-item__volume-container co-item__items"><span class="co-product__volume co-item__volume">220g      </span></div></div></div><div class="co-item__col2 co-item__col2--rest-in-shelf co-item__col2--has-icon-list"><div class="co-item__title-container co-item__title-container--rest-in-shelf"><h3 class="co-product__title"><a class="co-product__anchor" data-auto-id="linkProductTitle" href="/product/scampi/youngs-wholetail-scampi/910000541692" data-di-id="di-id-c503c5cf-18551fe0">Young's Wholetail Scampi</a></h3></div><div class="co-item__rating-container"><button type="button" data-auto-id="linkProductRating" class="asda-link asda-link--primary asda-link--button co-product__rating" aria-disabled="false" aria-label="3 stars out of 5 based on 49 reviews, you will be taken to the reviews on clicking this" data-di-id="di-id-f9fe053c-69faf287"><div class="rating-stars"><div style="width: 60%;" class="rating-stars__stars rating-stars__stars--top" aria-hidden="true"><span aria-hidden="true">★</span><span aria-hidden="true">★</span><span aria-hidden="true">★</span><span aria-hidden="true">★</span><span aria-hidden="true">★</span></div><div class="rating-stars__stars rating-stars__stars--bottom" aria-hidden="true"><span aria-hidden="true">☆</span><span aria-hidden="true">☆</span><span aria-hidden="true">☆</span><span aria-hidden="true">☆</span><span aria-hidden="true">☆</span></div></div><span class="co-product__review-count" aria-hidden="true">(49)</span></button></div><div class="co-item__bundled-item-count-container"></div><div class="co-item__promo-container co-item__promo-container--rest-in-shelf"><span data-auto-id="secondaryPromoBanner" class="co-product__promo co-product__promo--rollback co-product__promo--rest-in-shelf" title="Rollback"><span class="co-product__promo-text"><span role="img" data-auto-id="" class="asda-icon asda-icon--charcoal asda-icon--regular asda-icon--rotate0 asda-icon--brand"><svg viewBox="0 0 93 20" fill="none" xmlns="http://www.w3.org/2000/svg" data-di-res-id="e10af30c-df57863e" data-di-rand="1750009195273"><path d="M89.702 1.493V0H3.298v1.493A5.851 5.851 0 011.62 5.606C.508 6.732 0 8.333 0 9.966v.069c0 1.632.508 3.233 1.62 4.36a5.851 5.851 0 011.678 4.112V20h86.404v-1.493c0-1.538.597-3.018 1.677-4.113C92.492 13.268 93 11.667 93 10.034v-.069c0-1.632-.508-3.233-1.62-4.36a5.851 5.851 0 01-1.678-4.112z" fill="#FAED4A"></path><path d="M22.541 7.393c2.26 0 3.687 1.162 3.687 3.02 0 1.034-.424 1.852-1.162 2.357.778.937 1.323 2.187 1.547 3.557H24.04c-.208-1.025-.625-2.163-1.186-2.973h-1.09v2.973h-2.501V7.89a10.78 10.78 0 013.27-.497h.008zm-.008 4.095c.673 0 1.122-.441 1.122-1.074 0-.721-.352-1.026-1.05-1.026-.272 0-.577.04-.833.152v1.948h.761zm15.014-3.895h2.5v6.739h2.814v1.995h-5.306V7.593h-.008zm6.132 0h2.5v6.739h2.814v1.995h-5.306V7.593h-.008zm9.25-.2c2.132 0 3.35.85 3.35 2.396 0 .737-.336 1.346-1.09 1.763.962.288 1.516 1.097 1.516 1.987 0 1.747-1.227 2.796-3.463 2.796H49.81V7.89a9.626 9.626 0 013.118-.497zm.056 3.718c.633 0 1.122-.248 1.122-.898 0-.512-.328-.849-1.034-.849-.328 0-.577.048-.825.136v1.61h.737zm.12 3.245c.674 0 1.123-.24 1.123-.873 0-.497-.209-.834-1.034-.834h-.946v1.707h.857zm4.145-.2c0-1.931 1.515-2.893 4.697-2.997.176-.978-.249-1.77-.946-1.77s-1.122.488-1.25 1.37l-2.421-.498c.352-1.858 1.675-2.868 3.783-2.868 2.108 0 3.335 1.234 3.335 3.445v5.465h-2.501V15.27c-.497.834-1.25 1.258-2.245 1.258-1.426 0-2.444-1.001-2.444-2.371h-.008zm3.398.352c.81 0 1.283-.633 1.283-1.738v-.177c-1.37 0-2.108.449-2.108 1.17 0 .44.336.737.825.737v.008zm4.641-2.54c0-2.868 1.523-4.583 4.08-4.583 1.852 0 3.11 1.034 3.576 2.949l-2.445.609c-.153-.962-.553-1.483-1.139-1.483-.978 0-1.499.874-1.499 2.5 0 1.627.465 2.5 1.347 2.5.697 0 1.034-.408 1.339-1.634l2.22.849c-.489 1.899-1.7 2.86-3.583 2.86-2.42 0-3.896-1.722-3.896-4.559v-.008zm8.353-4.375h2.5v3.318l1.909-3.334H81l-2.758 4.19c1.034.746 2.325 2.67 2.637 4.56H78.18c-.425-1.594-1.339-2.868-2.036-3.373v3.373h-2.501V7.593zM14.268 6.2l.24-.378c.185-.56.041-1.41-.08-1.834l-2.091.528c.336 1.17.176 3.19-.337 4.88 1.74-.48 3.775-.256 5.026.176l.537-1.923c-.224-.096-1.37-.44-2.028-.248l-.064.272" fill="#00303C"></path><path d="M31.51 6.744c-4.176.73-6.276 6.17-1.947 8.221 1.57.697 3.55.032 4.729-1.242 1.267-1.306 1.403-3.157.721-4.784-1.523-3.621-5.987-4.535-9.659-4.463-3.92.048-7.831 1.475-10.693 4.143l-1.78-1.875C16.209 3.579 20.81 1.976 25.339 2c3.335-.008 7.094.697 9.667 3.117 1.804 1.675 2.854 4.183 2.47 6.675-.698 4.535-6.798 7.1-10.085 3.526-3.254-3.43-.336-8.702 4.12-8.582v.008z" fill="#00303C"></path><path d="M30.853 10.502c.112-.12.2-.273.256-.449.152-.52-.072-1.057-.505-1.186-.44-.128-.922.193-1.074.713a1.117 1.117 0 00-.024.537s.36-.056.713.04a1.8 1.8 0 01.634.345zm2.373.633c.112-.12.2-.272.256-.44.153-.522-.072-1.058-.505-1.187-.433-.128-.914.193-1.074.714-.056.184-.056.36-.024.536 0 0 .36-.056.713.04.353.097.634.345.634.345m.056 2.083c-1.387 1.13-3.671.778-4.489-.8-.248-.49-.32-1.019-.32-1.515l.553-.024c.112.8.545 1.538 1.33 1.754.618.2 1.523.024 1.916-.456l1.01 1.041z" fill="#00303C"></path></svg></span></span></span></div><div class="label-container"><div><ul><div class="co-item__icon-list-container"><ul class="co-product__promo-icon-list co-item__promo-icon-list co-item__promo-icon-list--list-position"><li class="co-product__promo-icon-item"><div class="co-product__promo-icon-image-cntr"><button data-auto-id="btnPromo" type="button" class="asda-btn asda-btn--plain co-product__promo-icon-button" aria-label="show information on Frozen"><picture class="asda-image picture"><source srcset="https://ui.assets-asda.com/dm/_046_frozen?$Icon-wapp2x$="><img alt="Frozen" class="asda-img asda-image co-product__promo-icon-img" data-auto-id="" src="https://ui.assets-asda.com/dm/_046_frozen?$Icon-wapp2x$=" loading="lazy" title="Frozen"></picture></button></div></li></ul></div></ul></div></div></div><div class="co-item__col3 co-item__col3--rest-in-shelf"><div class="co-item__price-container co-item__price-container--rest-in-shelf"><div><span class="co-product__was-price"><span class="co-product__hidden-label">was &nbsp;</span>£6.48</span><strong class="co-product__price"><span class="co-product__hidden-label"> now </span>£3.98</strong><p class="co-item__price-per-uom-msg"><span class="co-product__price-per-uom">(£18.09/kg)</span></p></div></div><div class="co-item__quantity-container co-item__quantity-container--rest-in-shelf"><div class="co-item__quantity-container"><div class="quantity-button"><div class="add-button-with-tooltip"><div class="tooltip-wrapper"><button data-auto-id="btnAdd" type="button" class="asda-btn asda-btn--primary asda-btn--fluid add-button" aria-label="Add item Young's Wholetail Scampi to cart" data-di-id="di-id-bd5e14ce-b3d9e896">Add</button></div></div></div></div></div></div><div class="co-item__col4"><a class="asda-link asda-link--primary" data-auto-id="linkViewTheShelf" target="_self" href="/shelf/frozen-food/chicken-meat-fish/frozen-prawns-seafood/scampi/1215338621416-1215666947082-1215685961758-1215339380750" data-di-id="di-id-80996c32-f7203fc5">View the shelf</a></div></div></div></li><li class=" co-item co-item--rest-in-shelf " style="order: 39;"><div><div class="co-product"><div class="co-item__col1 co-item__col1--rest-in-shelf"><button type="button" data-auto-id="linkProductImage" class="asda-link asda-link--primary asda-link--button" aria-disabled="false"><div class="thumbnail__image-container co-product__image co-product__image--rest-in-shelf co-item__image"><picture class="asda-image picture"><source type="image/webp" srcset="https://ui.assets-asda.com/dm/asdagroceries/5063089477854?$ProdList2x$=&amp;fmt=webp"><img alt="ASDA White Fish with a Cheese &amp; Chive Sauce 380g" class="asda-img asda-image thumbnail__image" data-auto-id="" src="https://ui.assets-asda.com/dm/asdagroceries/5063089477854?$ProdList2x$=&amp;fmt=jpg" loading="lazy" title="ASDA White Fish with a Cheese &amp; Chive Sauce 380g"></picture></div></button><div class="co-item__items-container"><div class="co-item-fsl__favourites-image-container co-item__items" role="presentation" data-auto-id="favouritesAndShoppingList"><div class="context-wrapper"><button data-auto-id="" type="button" class="asda-btn asda-btn--plain asda-btn--icon co-item-fsl__favourites-button" aria-label="options for favourite shopping list" aria-expanded="false"><span role="img" data-auto-id="" class="asda-icon asda-icon--white asda-icon--regular asda-icon--rotate0 co-item-fsl__favourites-image co-item__items"><svg viewBox="0 0 35 23" xmlns="http://www.w3.org/2000/svg" xmlns:xlink="http://www.w3.org/1999/xlink" data-di-res-id="e10af30c-da2af002" data-di-rand="1750009195273"><defs><path id="asda_fav_list_1" d="M7.02 2C7 2.344 7 2.685 7 3h6c0-.315 0-.656-.02-1H18c1 0 2 .784 2 1.667v17.667C20 22.167 19 23 18 23H2c-1 0-2-.833-2-1.666V3.667C0 2.833 1 2 2 2h5.02zM12 2H8c0-1 1-2 2-2s2 1 2 2zM7 17v2h10v-2H7zm-4-5v2h2v-2H3zm0-5v2h2V7H3zm0 10v2h2v-2H3zm4-5v2h10v-2H7zm0-5v2h10V7H7z"></path><path id="asda_fav_list_2" d="M24 21c-1.818-1.8-10-7.65-10-12.6C14 5.7 15.818 3 19 3c2 0 4 .82 5 3.295C25 3.82 27 3 29 3c3.182 0 5 2.7 5 5.4 0 4.95-8.182 10.8-10 12.6z"></path></defs><g class="asda-icon__draw" fill="none" fill-rule="evenodd"><use fill="#3d3d3d" xlink:href="#asda_fav_list_1"></use><use class="asda-icon__draw" fill="#FFF" stroke="#3d3d3d" stroke-width="1.9" xlink:href="#asda_fav_list_2"></use></g></svg></span></button></div></div><div class="co-item__volume-container co-item__items"><span class="co-product__volume co-item__volume">380g      </span></div></div></div><div class="co-item__col2 co-item__col2--rest-in-shelf co-item__col2--has-icon-list"><div class="co-item__title-container co-item__title-container--rest-in-shelf"><h3 class="co-product__title"><a class="co-product__anchor" data-auto-id="linkProductTitle" href="/product/frozen-fish-fillets/asda-white-fish-with-a-cheese-chive-sauce-380-g/1000383229039" data-di-id="di-id-8a261c0e-1fbe2ff2">ASDA White Fish with a Cheese &amp; Chive Sauce 380g</a></h3></div><div class="co-item__rating-container"><button type="button" data-auto-id="linkProductRating" class="asda-link asda-link--primary asda-link--button co-product__rating" aria-disabled="false" aria-label="4.08 stars out of 5 based on 13 reviews, you will be taken to the reviews on clicking this" data-di-id="di-id-f9fe053c-95ded8e6"><div class="rating-stars"><div style="width: 81.6%;" class="rating-stars__stars rating-stars__stars--top" aria-hidden="true"><span aria-hidden="true">★</span><span aria-hidden="true">★</span><span aria-hidden="true">★</span><span aria-hidden="true">★</span><span aria-hidden="true">★</span></div><div class="rating-stars__stars rating-stars__stars--bottom" aria-hidden="true"><span aria-hidden="true">☆</span><span aria-hidden="true">☆</span><span aria-hidden="true">☆</span><span aria-hidden="true">☆</span><span aria-hidden="true">☆</span></div></div><span class="co-product__review-count" aria-hidden="true">(13)</span></button></div><div class="co-item__bundled-item-count-container"></div><div class="co-item__promo-container co-item__promo-container--rest-in-shelf"></div><div class="label-container"><div><ul><div class="co-item__icon-list-container"><ul class="co-product__promo-icon-list co-item__promo-icon-list co-item__promo-icon-list--list-position"><li class="co-product__promo-icon-item"><div class="co-product__promo-icon-image-cntr"><button data-auto-id="btnPromo" type="button" class="asda-btn asda-btn--plain co-product__promo-icon-button" aria-label="show information on Frozen"><picture class="asda-image picture"><source srcset="https://ui.assets-asda.com/dm/_046_frozen?$Icon-wapp2x$="><img alt="Frozen" class="asda-img asda-image co-product__promo-icon-img" data-auto-id="" src="https://ui.assets-asda.com/dm/_046_frozen?$Icon-wapp2x$=" loading="lazy" title="Frozen"></picture></button></div></li></ul></div></ul></div></div></div><div class="co-item__col3 co-item__col3--rest-in-shelf"><div class="co-item__price-container co-item__price-container--rest-in-shelf"><span class="co-item__price-per-uom"><strong class="co-product__price"><span class="co-product__hidden-label"> now </span>£4.00</strong><p class="co-item__price-per-uom-msg"><span class="co-product__price-per-uom">(£10.53/kg)</span></p></span></div><div class="co-item__quantity-container co-item__quantity-container--rest-in-shelf"><div class="co-item__quantity-container"><div class="quantity-button"><div class="add-button-with-tooltip"><div class="tooltip-wrapper"><button data-auto-id="btnAdd" type="button" class="asda-btn asda-btn--primary asda-btn--fluid add-button" aria-label="Add item ASDA White Fish with a Cheese &amp; Chive Sauce 380g to cart" data-di-id="di-id-bd5e14ce-b3d9e896">Add</button></div></div></div></div></div></div><div class="co-item__col4"><a class="asda-link asda-link--primary" data-auto-id="linkViewTheShelf" target="_self" href="/shelf/frozen-food/chicken-meat-fish/frozen-fish/frozen-fish-fillets/1215338621416-1215666947082-1215685961757-910001112641" data-di-id="di-id-5e510a12-ebcd8cfa">View the shelf</a></div></div></div></li><li class=" co-item co-item--rest-in-shelf " style="order: 40;"><div><div class="co-product"><div class="co-item__col1 co-item__col1--rest-in-shelf"><button type="button" data-auto-id="linkProductImage" class="asda-link asda-link--primary asda-link--button" aria-disabled="false"><div class="thumbnail__image-container co-product__image co-product__image--rest-in-shelf co-item__image"><picture class="asda-image picture"><source type="image/webp" srcset="https://ui.assets-asda.com/dm/asdagroceries/5000205048260?$ProdList2x$=&amp;fmt=webp"><img alt="Young's Gastro Signature Breaded 2 Sweet Chilli Fish Fillets 270g" class="asda-img asda-image thumbnail__image" data-auto-id="" src="https://ui.assets-asda.com/dm/asdagroceries/5000205048260?$ProdList2x$=&amp;fmt=jpg" loading="lazy" title="Young's Gastro Signature Breaded 2 Sweet Chilli Fish Fillets 270g"></picture></div></button><div class="co-item__items-container"><div class="co-item-fsl__favourites-image-container co-item__items" role="presentation" data-auto-id="favouritesAndShoppingList"><div class="context-wrapper"><button data-auto-id="" type="button" class="asda-btn asda-btn--plain asda-btn--icon co-item-fsl__favourites-button" aria-label="options for favourite shopping list" aria-expanded="false"><span role="img" data-auto-id="" class="asda-icon asda-icon--white asda-icon--regular asda-icon--rotate0 co-item-fsl__favourites-image co-item__items"><svg viewBox="0 0 35 23" xmlns="http://www.w3.org/2000/svg" xmlns:xlink="http://www.w3.org/1999/xlink" data-di-res-id="e10af30c-c73cc5d4" data-di-rand="1750009195273"><defs><path id="asda_fav_list_1" d="M7.02 2C7 2.344 7 2.685 7 3h6c0-.315 0-.656-.02-1H18c1 0 2 .784 2 1.667v17.667C20 22.167 19 23 18 23H2c-1 0-2-.833-2-1.666V3.667C0 2.833 1 2 2 2h5.02zM12 2H8c0-1 1-2 2-2s2 1 2 2zM7 17v2h10v-2H7zm-4-5v2h2v-2H3zm0-5v2h2V7H3zm0 10v2h2v-2H3zm4-5v2h10v-2H7zm0-5v2h10V7H7z"></path><path id="asda_fav_list_2" d="M24 21c-1.818-1.8-10-7.65-10-12.6C14 5.7 15.818 3 19 3c2 0 4 .82 5 3.295C25 3.82 27 3 29 3c3.182 0 5 2.7 5 5.4 0 4.95-8.182 10.8-10 12.6z"></path></defs><g class="asda-icon__draw" fill="none" fill-rule="evenodd"><use fill="#3d3d3d" xlink:href="#asda_fav_list_1"></use><use class="asda-icon__draw" fill="#FFF" stroke="#3d3d3d" stroke-width="1.9" xlink:href="#asda_fav_list_2"></use></g></svg></span></button></div></div><div class="co-item__volume-container co-item__items"><span class="co-product__volume co-item__volume">270g      </span></div></div></div><div class="co-item__col2 co-item__col2--rest-in-shelf co-item__col2--has-icon-list"><div class="co-item__title-container co-item__title-container--rest-in-shelf"><h3 class="co-product__title"><a class="co-product__anchor" data-auto-id="linkProductTitle" href="/product/frozen-fish-fillets/youngs-gastro-signature-breaded-2-sweet-chilli-fish-fillets-270-g/1000383184845" data-di-id="di-id-70846482-28355ce7">Young's Gastro Signature Breaded 2 Sweet Chilli Fish Fillets 270g</a></h3></div><div class="co-item__rating-container"><button type="button" data-auto-id="linkProductRating" class="asda-link asda-link--primary asda-link--button co-product__rating" aria-disabled="false" aria-label="3.82 stars out of 5 based on 17 reviews, you will be taken to the reviews on clicking this" data-di-id="di-id-f9fe053c-f1b21de2"><div class="rating-stars"><div style="width: 76.4%;" class="rating-stars__stars rating-stars__stars--top" aria-hidden="true"><span aria-hidden="true">★</span><span aria-hidden="true">★</span><span aria-hidden="true">★</span><span aria-hidden="true">★</span><span aria-hidden="true">★</span></div><div class="rating-stars__stars rating-stars__stars--bottom" aria-hidden="true"><span aria-hidden="true">☆</span><span aria-hidden="true">☆</span><span aria-hidden="true">☆</span><span aria-hidden="true">☆</span><span aria-hidden="true">☆</span></div></div><span class="co-product__review-count" aria-hidden="true">(17)</span></button></div><div class="co-item__bundled-item-count-container"></div><div class="co-item__promo-container co-item__promo-container--rest-in-shelf"><span data-auto-id="secondaryPromoBanner" class="co-product__promo co-product__promo--staying-back co-product__promo--rest-in-shelf" title="Asda Price"><span class="co-product__promo-text"><span role="img" data-auto-id="" class="asda-icon asda-icon--charcoal asda-icon--regular asda-icon--rotate0 asda-icon--brand"><svg xmlns="http://www.w3.org/2000/svg" viewBox="0 0 103 20" fill="none" data-di-res-id="e10af30c-6c308fcb" data-di-rand="1750009195273"><path d="M99.347 1.493V0H3.653v1.493c0 1.538-.662 3.018-1.858 4.113C.563 6.732 0 8.333 0 9.966v.069c0 1.632.563 3.233 1.795 4.36 1.196 1.094 1.858 2.574 1.858 4.112V20h95.694v-1.493c0-1.538.662-3.018 1.858-4.113 1.232-1.126 1.795-2.727 1.795-4.36v-.069c0-1.632-.563-3.233-1.795-4.36-1.196-1.094-1.858-2.574-1.858-4.112z" fill="#79C300"></path><path d="M86.061 15.224c-2.66 0-4.326-2.03-4.326-5.25 0-3.052 1.792-4.998 4.592-4.998 2.618 0 4.172 1.68 4.172 4.508 0 .336-.028.714-.084 1.204h-5.768c.112 1.484.63 2.212 1.526 2.212.644 0 1.176-.518 1.372-1.372l2.492.91c-.588 1.722-2.002 2.786-3.976 2.786zM84.69 9.036h3.01c0-1.148-.504-1.82-1.358-1.82-.896 0-1.47.644-1.652 1.82zm-7.61 6.188c-2.716 0-4.368-1.932-4.368-5.11 0-3.22 1.708-5.138 4.578-5.138 2.072 0 3.486 1.162 4.004 3.304l-2.744.686c-.168-1.078-.616-1.666-1.274-1.666-1.092 0-1.68.98-1.68 2.8 0 1.848.518 2.8 1.512 2.8.784 0 1.162-.462 1.498-1.834l2.492.952c-.546 2.128-1.904 3.206-4.018 3.206zM68.96 15V5.2h2.8V15h-2.8zm-8.586-9.464c1.274-.392 2.45-.56 3.668-.56 2.534 0 4.13 1.302 4.13 3.388 0 1.162-.476 2.072-1.302 2.646.868 1.05 1.484 2.45 1.736 3.99h-2.884c-.238-1.148-.7-2.422-1.33-3.332h-1.218V15h-2.8V5.536zm2.8 4.032h.854c.756 0 1.26-.49 1.26-1.204 0-.812-.392-1.148-1.176-1.148-.308 0-.644.042-.938.168v2.184zM51.651 5.536c1.26-.378 2.436-.56 3.668-.56 2.534 0 4.13 1.302 4.13 3.388 0 1.988-1.484 3.304-3.738 3.304h-1.26V15h-2.8V5.536zm2.8 4.032h.854c.756 0 1.26-.49 1.26-1.204 0-.812-.392-1.148-1.176-1.148-.308 0-.63.042-.938.168v2.184zM38.732 15l3.08-9.8h3.22l3.08 9.8h-3.01l-.378-1.54H42.12L41.742 15h-3.01zm3.892-3.64h1.596l-.798-3.276-.798 3.276zM30.679 5.41c.812-.21 2.128-.434 3.262-.434 3.304 0 5.082 1.652 5.082 5.124 0 2.912-2.016 4.9-4.984 4.9h-3.36V5.41zm2.8 7.35h.574c1.274 0 2.086-1.036 2.086-2.8 0-2.016-.602-2.744-1.806-2.744-.308 0-.56.042-.854.126v5.418zm-7.706 2.464c-1.96 0-3.373-.966-4.087-2.786l2.463-.91c.267.882.883 1.372 1.723 1.372.587 0 .951-.294.951-.742 0-.49-.322-.672-1.918-1.064l-.392-.098c-1.456-.364-2.38-1.47-2.38-2.828 0-1.974 1.428-3.192 3.725-3.192 2.127 0 3.43 1.008 3.808 2.814l-2.646.658c-.183-.854-.546-1.148-1.134-1.148-.532 0-.896.294-.896.728s.336.686 1.091.826l.309.056c2.253.406 3.29 1.386 3.29 3.094 0 1.974-1.512 3.22-3.907 3.22zM12.291 15l3.08-9.8h3.22l3.08 9.8h-3.01l-.378-1.54h-2.604L15.301 15h-3.01zm3.892-3.64h1.596l-.798-3.276-.798 3.276z" fill="#00303C"></path></svg></span></span></span></div><div class="label-container"><div><ul><div class="co-item__icon-list-container"><ul class="co-product__promo-icon-list co-item__promo-icon-list co-item__promo-icon-list--list-position"><li class="co-product__promo-icon-item"><div class="co-product__promo-icon-image-cntr"><button data-auto-id="btnPromo" type="button" class="asda-btn asda-btn--plain co-product__promo-icon-button" aria-label="show information on Frozen"><picture class="asda-image picture"><source srcset="https://ui.assets-asda.com/dm/_046_frozen?$Icon-wapp2x$="><img alt="Frozen" class="asda-img asda-image co-product__promo-icon-img" data-auto-id="" src="https://ui.assets-asda.com/dm/_046_frozen?$Icon-wapp2x$=" loading="lazy" title="Frozen"></picture></button></div></li></ul></div></ul></div></div></div><div class="co-item__col3 co-item__col3--rest-in-shelf"><div class="co-item__price-container co-item__price-container--rest-in-shelf"><div><strong class="co-product__price"><span class="co-product__hidden-label"> now </span>£3.32</strong><p class="co-item__price-per-uom-msg"><span class="co-product__price-per-uom">(£12.30/kg)</span></p></div></div><div class="co-item__quantity-container co-item__quantity-container--rest-in-shelf"><div class="co-item__quantity-container"><div class="quantity-button"><div class="add-button-with-tooltip"><div class="tooltip-wrapper"><button data-auto-id="btnAdd" type="button" class="asda-btn asda-btn--primary asda-btn--fluid add-button" aria-label="Add item Young's Gastro Signature Breaded 2 Sweet Chilli Fish Fillets 270g to cart" data-di-id="di-id-bd5e14ce-b3d9e896">Add</button></div></div></div></div></div></div><div class="co-item__col4"><a class="asda-link asda-link--primary" data-auto-id="linkViewTheShelf" target="_self" href="/shelf/frozen-food/chicken-meat-fish/frozen-fish/frozen-fish-fillets/1215338621416-1215666947082-1215685961757-910001112641" data-di-id="di-id-5e510a12-ebcd8cfa">View the shelf</a></div></div></div></li><li class=" co-item co-item--rest-in-shelf " style="order: 41;"><div><div class="co-product"><div class="co-item__col1 co-item__col1--rest-in-shelf"><button type="button" data-auto-id="linkProductImage" class="asda-link asda-link--primary asda-link--button" aria-disabled="false"><div class="thumbnail__image-container co-product__image co-product__image--rest-in-shelf co-item__image"><picture class="asda-image picture"><source type="image/webp" srcset="https://ui.assets-asda.com/dm/asdagroceries/5000205040875?$ProdList2x$=&amp;fmt=webp"><img alt="Young's Breaded Scampi" class="asda-img asda-image thumbnail__image" data-auto-id="" src="https://ui.assets-asda.com/dm/asdagroceries/5000205040875?$ProdList2x$=&amp;fmt=jpg" loading="lazy" title="Young's Breaded Scampi"></picture></div></button><div class="co-item__items-container"><div class="co-item-fsl__favourites-image-container co-item__items" role="presentation" data-auto-id="favouritesAndShoppingList"><div class="context-wrapper"><button data-auto-id="" type="button" class="asda-btn asda-btn--plain asda-btn--icon co-item-fsl__favourites-button" aria-label="options for favourite shopping list" aria-expanded="false"><span role="img" data-auto-id="" class="asda-icon asda-icon--white asda-icon--regular asda-icon--rotate0 co-item-fsl__favourites-image co-item__items"><svg viewBox="0 0 35 23" xmlns="http://www.w3.org/2000/svg" xmlns:xlink="http://www.w3.org/1999/xlink" data-di-res-id="7cddcbb5-1d0b74fc" data-di-rand="1750009195274"><defs><path id="asda_fav_list_1" d="M7.02 2C7 2.344 7 2.685 7 3h6c0-.315 0-.656-.02-1H18c1 0 2 .784 2 1.667v17.667C20 22.167 19 23 18 23H2c-1 0-2-.833-2-1.666V3.667C0 2.833 1 2 2 2h5.02zM12 2H8c0-1 1-2 2-2s2 1 2 2zM7 17v2h10v-2H7zm-4-5v2h2v-2H3zm0-5v2h2V7H3zm0 10v2h2v-2H3zm4-5v2h10v-2H7zm0-5v2h10V7H7z"></path><path id="asda_fav_list_2" d="M24 21c-1.818-1.8-10-7.65-10-12.6C14 5.7 15.818 3 19 3c2 0 4 .82 5 3.295C25 3.82 27 3 29 3c3.182 0 5 2.7 5 5.4 0 4.95-8.182 10.8-10 12.6z"></path></defs><g class="asda-icon__draw" fill="none" fill-rule="evenodd"><use fill="#3d3d3d" xlink:href="#asda_fav_list_1"></use><use class="asda-icon__draw" fill="#FFF" stroke="#3d3d3d" stroke-width="1.9" xlink:href="#asda_fav_list_2"></use></g></svg></span></button></div></div><div class="co-item__volume-container co-item__items"><span class="co-product__volume co-item__volume">220g      </span></div></div></div><div class="co-item__col2 co-item__col2--rest-in-shelf co-item__col2--has-icon-list"><div class="co-item__title-container co-item__title-container--rest-in-shelf"><h3 class="co-product__title"><a class="co-product__anchor" data-auto-id="linkProductTitle" href="/product/scampi/youngs-breaded-scampi/910000856262" data-di-id="di-id-b69401be-7b97b43a">Young's Breaded Scampi</a></h3></div><div class="co-item__rating-container"><button type="button" data-auto-id="linkProductRating" class="asda-link asda-link--primary asda-link--button co-product__rating" aria-disabled="false" aria-label="3.83 stars out of 5 based on 50+ reviews, you will be taken to the reviews on clicking this" data-di-id="di-id-f9fe053c-665ea5f8"><div class="rating-stars"><div style="width: 76.6%;" class="rating-stars__stars rating-stars__stars--top" aria-hidden="true"><span aria-hidden="true">★</span><span aria-hidden="true">★</span><span aria-hidden="true">★</span><span aria-hidden="true">★</span><span aria-hidden="true">★</span></div><div class="rating-stars__stars rating-stars__stars--bottom" aria-hidden="true"><span aria-hidden="true">☆</span><span aria-hidden="true">☆</span><span aria-hidden="true">☆</span><span aria-hidden="true">☆</span><span aria-hidden="true">☆</span></div></div><span class="co-product__review-count" aria-hidden="true">(50+)</span></button></div><div class="co-item__bundled-item-count-container"></div><div class="co-item__promo-container co-item__promo-container--rest-in-shelf"></div><div class="label-container"><div><ul><div class="co-item__icon-list-container"><ul class="co-product__promo-icon-list co-item__promo-icon-list co-item__promo-icon-list--list-position"><li class="co-product__promo-icon-item"><div class="co-product__promo-icon-image-cntr"><button data-auto-id="btnPromo" type="button" class="asda-btn asda-btn--plain co-product__promo-icon-button" aria-label="show information on Frozen"><picture class="asda-image picture"><source srcset="https://ui.assets-asda.com/dm/_046_frozen?$Icon-wapp2x$="><img alt="Frozen" class="asda-img asda-image co-product__promo-icon-img" data-auto-id="" src="https://ui.assets-asda.com/dm/_046_frozen?$Icon-wapp2x$=" loading="lazy" title="Frozen"></picture></button></div></li></ul></div></ul></div></div></div><div class="co-item__col3 co-item__col3--rest-in-shelf"><div class="co-item__price-container co-item__price-container--rest-in-shelf"><span class="co-item__price-per-uom"><strong class="co-product__price"><span class="co-product__hidden-label"> now </span>£4.38</strong><p class="co-item__price-per-uom-msg"><span class="co-product__price-per-uom">(£19.91/kg)</span></p></span></div><div class="co-item__quantity-container co-item__quantity-container--rest-in-shelf"><div class="co-item__quantity-container"><div class="quantity-button"><div class="add-button-with-tooltip"><div class="tooltip-wrapper"><button data-auto-id="btnAdd" type="button" class="asda-btn asda-btn--primary asda-btn--fluid add-button" aria-label="Add item Young's Breaded Scampi to cart" data-di-id="di-id-bd5e14ce-b3d9e896">Add</button></div></div></div></div></div></div><div class="co-item__col4"><a class="asda-link asda-link--primary" data-auto-id="linkViewTheShelf" target="_self" href="/shelf/frozen-food/chicken-meat-fish/frozen-prawns-seafood/scampi/1215338621416-1215666947082-1215685961758-1215339380750" data-di-id="di-id-80996c32-f7203fc5">View the shelf</a></div></div></div></li><li class=" co-item co-item--rest-in-shelf " style="order: 42;"><div><div class="co-product"><div class="co-item__col1 co-item__col1--rest-in-shelf"><button type="button" data-auto-id="linkProductImage" class="asda-link asda-link--primary asda-link--button" aria-disabled="false"><div class="thumbnail__image-container co-product__image co-product__image--rest-in-shelf co-item__image"><picture class="asda-image picture"><source type="image/webp" srcset="https://ui.assets-asda.com/dm/asdagroceries/5063089700785?$ProdList2x$=&amp;fmt=webp"><img alt="ASDA 4 Battered Haddock Fillets 440g" class="asda-img asda-image thumbnail__image" data-auto-id="" src="https://ui.assets-asda.com/dm/asdagroceries/5063089700785?$ProdList2x$=&amp;fmt=jpg" loading="lazy" title="ASDA 4 Battered Haddock Fillets 440g"></picture></div></button><div class="co-item__items-container"><div class="co-item-fsl__favourites-image-container co-item__items" role="presentation" data-auto-id="favouritesAndShoppingList"><div class="context-wrapper"><button data-auto-id="" type="button" class="asda-btn asda-btn--plain asda-btn--icon co-item-fsl__favourites-button" aria-label="options for favourite shopping list" aria-expanded="false"><span role="img" data-auto-id="" class="asda-icon asda-icon--white asda-icon--regular asda-icon--rotate0 co-item-fsl__favourites-image co-item__items"><svg viewBox="0 0 35 23" xmlns="http://www.w3.org/2000/svg" xmlns:xlink="http://www.w3.org/1999/xlink" data-di-res-id="7cddcbb5-51e68a06" data-di-rand="1750009195274"><defs><path id="asda_fav_list_1" d="M7.02 2C7 2.344 7 2.685 7 3h6c0-.315 0-.656-.02-1H18c1 0 2 .784 2 1.667v17.667C20 22.167 19 23 18 23H2c-1 0-2-.833-2-1.666V3.667C0 2.833 1 2 2 2h5.02zM12 2H8c0-1 1-2 2-2s2 1 2 2zM7 17v2h10v-2H7zm-4-5v2h2v-2H3zm0-5v2h2V7H3zm0 10v2h2v-2H3zm4-5v2h10v-2H7zm0-5v2h10V7H7z"></path><path id="asda_fav_list_2" d="M24 21c-1.818-1.8-10-7.65-10-12.6C14 5.7 15.818 3 19 3c2 0 4 .82 5 3.295C25 3.82 27 3 29 3c3.182 0 5 2.7 5 5.4 0 4.95-8.182 10.8-10 12.6z"></path></defs><g class="asda-icon__draw" fill="none" fill-rule="evenodd"><use fill="#3d3d3d" xlink:href="#asda_fav_list_1"></use><use class="asda-icon__draw" fill="#FFF" stroke="#3d3d3d" stroke-width="1.9" xlink:href="#asda_fav_list_2"></use></g></svg></span></button></div></div><div class="co-item__volume-container co-item__items"><span class="co-product__volume co-item__volume">440g      </span></div></div></div><div class="co-item__col2 co-item__col2--rest-in-shelf co-item__col2--has-icon-list"><div class="co-item__title-container co-item__title-container--rest-in-shelf"><h3 class="co-product__title"><a class="co-product__anchor" data-auto-id="linkProductTitle" href="/product/battered-breaded-fish/asda-4-battered-haddock-fillets-440-g/1000383251812" data-di-id="di-id-25607fb2-a11c6562">ASDA 4 Battered Haddock Fillets 440g</a></h3></div><div class="co-item__rating-container"><button type="button" data-auto-id="linkProductRating" class="asda-link asda-link--primary asda-link--button co-product__rating" aria-disabled="false" aria-label="4.29 stars out of 5 based on 31 reviews, you will be taken to the reviews on clicking this" data-di-id="di-id-f9fe053c-a46c6e0a"><div class="rating-stars"><div style="width: 85.8%;" class="rating-stars__stars rating-stars__stars--top" aria-hidden="true"><span aria-hidden="true">★</span><span aria-hidden="true">★</span><span aria-hidden="true">★</span><span aria-hidden="true">★</span><span aria-hidden="true">★</span></div><div class="rating-stars__stars rating-stars__stars--bottom" aria-hidden="true"><span aria-hidden="true">☆</span><span aria-hidden="true">☆</span><span aria-hidden="true">☆</span><span aria-hidden="true">☆</span><span aria-hidden="true">☆</span></div></div><span class="co-product__review-count" aria-hidden="true">(31)</span></button></div><div class="co-item__bundled-item-count-container"></div><div class="co-item__promo-container co-item__promo-container--rest-in-shelf"></div><div class="label-container"><div><ul><div class="co-item__icon-list-container"><ul class="co-product__promo-icon-list co-item__promo-icon-list co-item__promo-icon-list--list-position"><li class="co-product__promo-icon-item"><div class="co-product__promo-icon-image-cntr"><button data-auto-id="btnPromo" type="button" class="asda-btn asda-btn--plain co-product__promo-icon-button" aria-label="show information on Frozen"><picture class="asda-image picture"><source srcset="https://ui.assets-asda.com/dm/_046_frozen?$Icon-wapp2x$="><img alt="Frozen" class="asda-img asda-image co-product__promo-icon-img" data-auto-id="" src="https://ui.assets-asda.com/dm/_046_frozen?$Icon-wapp2x$=" loading="lazy" title="Frozen"></picture></button></div></li></ul></div></ul></div></div></div><div class="co-item__col3 co-item__col3--rest-in-shelf"><div class="co-item__price-container co-item__price-container--rest-in-shelf"><span class="co-item__price-per-uom"><strong class="co-product__price"><span class="co-product__hidden-label"> now </span>£3.75</strong><p class="co-item__price-per-uom-msg"><span class="co-product__price-per-uom">(£8.52/kg)</span></p></span></div><div class="co-item__quantity-container co-item__quantity-container--rest-in-shelf"><div class="co-item__quantity-container"><div class="quantity-button"><div class="add-button-with-tooltip"><div class="tooltip-wrapper"><button data-auto-id="btnAdd" type="button" class="asda-btn asda-btn--primary asda-btn--fluid add-button" aria-label="Add item ASDA 4 Battered Haddock Fillets 440g to cart" data-di-id="di-id-bd5e14ce-b3d9e896">Add</button></div></div></div></div></div></div><div class="co-item__col4"><a class="asda-link asda-link--primary" data-auto-id="linkViewTheShelf" target="_self" href="/shelf/frozen-food/chicken-meat-fish/frozen-fish/battered-breaded-fish/1215338621416-1215666947082-1215685961757-910000977050" data-di-id="di-id-85340ba2-5a4e7c17">View the shelf</a></div></div></div></li><li class=" co-item co-item--rest-in-shelf " style="order: 43;"><div><div class="co-product"><div class="co-item__col1 co-item__col1--rest-in-shelf"><button type="button" data-auto-id="linkProductImage" class="asda-link asda-link--primary asda-link--button" aria-disabled="false"><div class="thumbnail__image-container co-product__image co-product__image--rest-in-shelf co-item__image"><picture class="asda-image picture"><source type="image/webp" srcset="https://ui.assets-asda.com/dm/asdagroceries/5013635330010?$ProdList2x$=&amp;fmt=webp"><img alt="KTC Coconut Milk" class="asda-img asda-image thumbnail__image" data-auto-id="" src="https://ui.assets-asda.com/dm/asdagroceries/5013635330010?$ProdList2x$=&amp;fmt=jpg" loading="lazy" title="KTC Coconut Milk"></picture></div></button><div class="co-item__items-container"><div class="co-item-fsl__favourites-image-container co-item__items" role="presentation" data-auto-id="favouritesAndShoppingList"><div class="context-wrapper"><button data-auto-id="" type="button" class="asda-btn asda-btn--plain asda-btn--icon co-item-fsl__favourites-button" aria-label="options for favourite shopping list" aria-expanded="false"><span role="img" data-auto-id="" class="asda-icon asda-icon--white asda-icon--regular asda-icon--rotate0 co-item-fsl__favourites-image co-item__items"><svg viewBox="0 0 35 23" xmlns="http://www.w3.org/2000/svg" xmlns:xlink="http://www.w3.org/1999/xlink" data-di-res-id="7cddcbb5-59b9e6ae" data-di-rand="1750009195274"><defs><path id="asda_fav_list_1" d="M7.02 2C7 2.344 7 2.685 7 3h6c0-.315 0-.656-.02-1H18c1 0 2 .784 2 1.667v17.667C20 22.167 19 23 18 23H2c-1 0-2-.833-2-1.666V3.667C0 2.833 1 2 2 2h5.02zM12 2H8c0-1 1-2 2-2s2 1 2 2zM7 17v2h10v-2H7zm-4-5v2h2v-2H3zm0-5v2h2V7H3zm0 10v2h2v-2H3zm4-5v2h10v-2H7zm0-5v2h10V7H7z"></path><path id="asda_fav_list_2" d="M24 21c-1.818-1.8-10-7.65-10-12.6C14 5.7 15.818 3 19 3c2 0 4 .82 5 3.295C25 3.82 27 3 29 3c3.182 0 5 2.7 5 5.4 0 4.95-8.182 10.8-10 12.6z"></path></defs><g class="asda-icon__draw" fill="none" fill-rule="evenodd"><use fill="#3d3d3d" xlink:href="#asda_fav_list_1"></use><use class="asda-icon__draw" fill="#FFF" stroke="#3d3d3d" stroke-width="1.9" xlink:href="#asda_fav_list_2"></use></g></svg></span></button></div></div><div class="co-item__volume-container co-item__items"><span class="co-product__volume co-item__volume">400g      </span></div></div></div><div class="co-item__col2 co-item__col2--rest-in-shelf"><div class="co-item__title-container co-item__title-container--rest-in-shelf"><h3 class="co-product__title"><a class="co-product__anchor" data-auto-id="linkProductTitle" href="/product/soy-sauce-fish-sauce/ktc-coconut-milk/910001456277" data-di-id="di-id-cbf2c7ed-7566cc3a">KTC Coconut Milk</a></h3></div><div class="co-item__rating-container"><button type="button" data-auto-id="linkProductRating" class="asda-link asda-link--primary asda-link--button co-product__rating" aria-disabled="false" aria-label="3.94 stars out of 5 based on 50+ reviews, you will be taken to the reviews on clicking this" data-di-id="di-id-f9fe053c-665ea5f8"><div class="rating-stars"><div style="width: 78.8%;" class="rating-stars__stars rating-stars__stars--top" aria-hidden="true"><span aria-hidden="true">★</span><span aria-hidden="true">★</span><span aria-hidden="true">★</span><span aria-hidden="true">★</span><span aria-hidden="true">★</span></div><div class="rating-stars__stars rating-stars__stars--bottom" aria-hidden="true"><span aria-hidden="true">☆</span><span aria-hidden="true">☆</span><span aria-hidden="true">☆</span><span aria-hidden="true">☆</span><span aria-hidden="true">☆</span></div></div><span class="co-product__review-count" aria-hidden="true">(50+)</span></button></div><div class="co-item__bundled-item-count-container"></div><div class="co-item__promo-container co-item__promo-container--rest-in-shelf"><span data-auto-id="secondaryPromoBanner" class="co-product__promo co-product__promo--rollback co-product__promo--rest-in-shelf" title="Rollback"><span class="co-product__promo-text"><span role="img" data-auto-id="" class="asda-icon asda-icon--charcoal asda-icon--regular asda-icon--rotate0 asda-icon--brand"><svg viewBox="0 0 93 20" fill="none" xmlns="http://www.w3.org/2000/svg" data-di-res-id="7cddcbb5-c75358e7" data-di-rand="1750009195274"><path d="M89.702 1.493V0H3.298v1.493A5.851 5.851 0 011.62 5.606C.508 6.732 0 8.333 0 9.966v.069c0 1.632.508 3.233 1.62 4.36a5.851 5.851 0 011.678 4.112V20h86.404v-1.493c0-1.538.597-3.018 1.677-4.113C92.492 13.268 93 11.667 93 10.034v-.069c0-1.632-.508-3.233-1.62-4.36a5.851 5.851 0 01-1.678-4.112z" fill="#FAED4A"></path><path d="M22.541 7.393c2.26 0 3.687 1.162 3.687 3.02 0 1.034-.424 1.852-1.162 2.357.778.937 1.323 2.187 1.547 3.557H24.04c-.208-1.025-.625-2.163-1.186-2.973h-1.09v2.973h-2.501V7.89a10.78 10.78 0 013.27-.497h.008zm-.008 4.095c.673 0 1.122-.441 1.122-1.074 0-.721-.352-1.026-1.05-1.026-.272 0-.577.04-.833.152v1.948h.761zm15.014-3.895h2.5v6.739h2.814v1.995h-5.306V7.593h-.008zm6.132 0h2.5v6.739h2.814v1.995h-5.306V7.593h-.008zm9.25-.2c2.132 0 3.35.85 3.35 2.396 0 .737-.336 1.346-1.09 1.763.962.288 1.516 1.097 1.516 1.987 0 1.747-1.227 2.796-3.463 2.796H49.81V7.89a9.626 9.626 0 013.118-.497zm.056 3.718c.633 0 1.122-.248 1.122-.898 0-.512-.328-.849-1.034-.849-.328 0-.577.048-.825.136v1.61h.737zm.12 3.245c.674 0 1.123-.24 1.123-.873 0-.497-.209-.834-1.034-.834h-.946v1.707h.857zm4.145-.2c0-1.931 1.515-2.893 4.697-2.997.176-.978-.249-1.77-.946-1.77s-1.122.488-1.25 1.37l-2.421-.498c.352-1.858 1.675-2.868 3.783-2.868 2.108 0 3.335 1.234 3.335 3.445v5.465h-2.501V15.27c-.497.834-1.25 1.258-2.245 1.258-1.426 0-2.444-1.001-2.444-2.371h-.008zm3.398.352c.81 0 1.283-.633 1.283-1.738v-.177c-1.37 0-2.108.449-2.108 1.17 0 .44.336.737.825.737v.008zm4.641-2.54c0-2.868 1.523-4.583 4.08-4.583 1.852 0 3.11 1.034 3.576 2.949l-2.445.609c-.153-.962-.553-1.483-1.139-1.483-.978 0-1.499.874-1.499 2.5 0 1.627.465 2.5 1.347 2.5.697 0 1.034-.408 1.339-1.634l2.22.849c-.489 1.899-1.7 2.86-3.583 2.86-2.42 0-3.896-1.722-3.896-4.559v-.008zm8.353-4.375h2.5v3.318l1.909-3.334H81l-2.758 4.19c1.034.746 2.325 2.67 2.637 4.56H78.18c-.425-1.594-1.339-2.868-2.036-3.373v3.373h-2.501V7.593zM14.268 6.2l.24-.378c.185-.56.041-1.41-.08-1.834l-2.091.528c.336 1.17.176 3.19-.337 4.88 1.74-.48 3.775-.256 5.026.176l.537-1.923c-.224-.096-1.37-.44-2.028-.248l-.064.272" fill="#00303C"></path><path d="M31.51 6.744c-4.176.73-6.276 6.17-1.947 8.221 1.57.697 3.55.032 4.729-1.242 1.267-1.306 1.403-3.157.721-4.784-1.523-3.621-5.987-4.535-9.659-4.463-3.92.048-7.831 1.475-10.693 4.143l-1.78-1.875C16.209 3.579 20.81 1.976 25.339 2c3.335-.008 7.094.697 9.667 3.117 1.804 1.675 2.854 4.183 2.47 6.675-.698 4.535-6.798 7.1-10.085 3.526-3.254-3.43-.336-8.702 4.12-8.582v.008z" fill="#00303C"></path><path d="M30.853 10.502c.112-.12.2-.273.256-.449.152-.52-.072-1.057-.505-1.186-.44-.128-.922.193-1.074.713a1.117 1.117 0 00-.024.537s.36-.056.713.04a1.8 1.8 0 01.634.345zm2.373.633c.112-.12.2-.272.256-.44.153-.522-.072-1.058-.505-1.187-.433-.128-.914.193-1.074.714-.056.184-.056.36-.024.536 0 0 .36-.056.713.04.353.097.634.345.634.345m.056 2.083c-1.387 1.13-3.671.778-4.489-.8-.248-.49-.32-1.019-.32-1.515l.553-.024c.112.8.545 1.538 1.33 1.754.618.2 1.523.024 1.916-.456l1.01 1.041z" fill="#00303C"></path></svg></span></span></span></div><div class="label-container"><div><ul></ul></div></div></div><div class="co-item__col3 co-item__col3--rest-in-shelf"><div class="co-item__price-container co-item__price-container--rest-in-shelf"><div><span class="co-product__was-price"><span class="co-product__hidden-label">was &nbsp;</span>£1.58</span><strong class="co-product__price"><span class="co-product__hidden-label"> now </span>£0.83</strong><p class="co-item__price-per-uom-msg"><span class="co-product__price-per-uom">(£2.08/kg)</span></p></div></div><div class="co-item__quantity-container co-item__quantity-container--rest-in-shelf"><div class="co-item__quantity-container"><div class="quantity-button"><div class="add-button-with-tooltip"><div class="tooltip-wrapper"><button data-auto-id="btnAdd" type="button" class="asda-btn asda-btn--primary asda-btn--fluid add-button" aria-label="Add item KTC Coconut Milk to cart" data-di-id="di-id-bd5e14ce-b3d9e896">Add</button></div></div></div></div></div></div><div class="co-item__col4"><a class="asda-link asda-link--primary" data-auto-id="linkViewTheShelf" target="_self" href="/shelf/food-cupboard/cooking-sauces-meal-kits-sides/far-eastern-sauces-ingredients/soy-sauce-fish-sauce/1215337189632-1215165877786-1215664046878-1215664270261" data-di-id="di-id-6016855-730f5795">View the shelf</a></div></div></div></li><li class=" co-item co-item--rest-in-shelf " style="order: 44;"><div><div class="co-product"><div class="co-item__col1 co-item__col1--rest-in-shelf"><button type="button" data-auto-id="linkProductImage" class="asda-link asda-link--primary asda-link--button" aria-disabled="false"><div class="thumbnail__image-container co-product__image co-product__image--rest-in-shelf co-item__image"><picture class="asda-image picture"><source type="image/webp" srcset="https://ui.assets-asda.com/dm/asdagroceries/5057172726349?$ProdList2x$=&amp;fmt=webp"><img alt="JUST ESSENTIALS by ASDA 10 Breaded Cod Fishcakes 500g" class="asda-img asda-image thumbnail__image" data-auto-id="" src="https://ui.assets-asda.com/dm/asdagroceries/5057172726349?$ProdList2x$=&amp;fmt=jpg" loading="lazy" title="JUST ESSENTIALS by ASDA 10 Breaded Cod Fishcakes 500g"></picture></div></button><div class="co-item__items-container"><div class="co-item-fsl__favourites-image-container co-item__items" role="presentation" data-auto-id="favouritesAndShoppingList"><div class="context-wrapper"><button data-auto-id="" type="button" class="asda-btn asda-btn--plain asda-btn--icon co-item-fsl__favourites-button" aria-label="options for favourite shopping list" aria-expanded="false"><span role="img" data-auto-id="" class="asda-icon asda-icon--white asda-icon--regular asda-icon--rotate0 co-item-fsl__favourites-image co-item__items"><svg viewBox="0 0 35 23" xmlns="http://www.w3.org/2000/svg" xmlns:xlink="http://www.w3.org/1999/xlink" data-di-res-id="7cddcbb5-3258344f" data-di-rand="1750009195274"><defs><path id="asda_fav_list_1" d="M7.02 2C7 2.344 7 2.685 7 3h6c0-.315 0-.656-.02-1H18c1 0 2 .784 2 1.667v17.667C20 22.167 19 23 18 23H2c-1 0-2-.833-2-1.666V3.667C0 2.833 1 2 2 2h5.02zM12 2H8c0-1 1-2 2-2s2 1 2 2zM7 17v2h10v-2H7zm-4-5v2h2v-2H3zm0-5v2h2V7H3zm0 10v2h2v-2H3zm4-5v2h10v-2H7zm0-5v2h10V7H7z"></path><path id="asda_fav_list_2" d="M24 21c-1.818-1.8-10-7.65-10-12.6C14 5.7 15.818 3 19 3c2 0 4 .82 5 3.295C25 3.82 27 3 29 3c3.182 0 5 2.7 5 5.4 0 4.95-8.182 10.8-10 12.6z"></path></defs><g class="asda-icon__draw" fill="none" fill-rule="evenodd"><use fill="#3d3d3d" xlink:href="#asda_fav_list_1"></use><use class="asda-icon__draw" fill="#FFF" stroke="#3d3d3d" stroke-width="1.9" xlink:href="#asda_fav_list_2"></use></g></svg></span></button></div></div><div class="co-item__volume-container co-item__items"><span class="co-product__volume co-item__volume">500g      </span></div></div></div><div class="co-item__col2 co-item__col2--rest-in-shelf co-item__col2--has-icon-list"><div class="co-item__title-container co-item__title-container--rest-in-shelf"><h3 class="co-product__title"><a class="co-product__anchor" data-auto-id="linkProductTitle" href="/product/fishcakes/just-essentials-by-asda-10-breaded-cod-fishcakes-500-g/1000364391692" data-di-id="di-id-d9e87428-7672a543">JUST ESSENTIALS by ASDA 10 Breaded Cod Fishcakes 500g</a></h3></div><div class="co-item__rating-container"><button type="button" data-auto-id="linkProductRating" class="asda-link asda-link--primary asda-link--button co-product__rating" aria-disabled="false" aria-label="4.14 stars out of 5 based on 50+ reviews, you will be taken to the reviews on clicking this" data-di-id="di-id-f9fe053c-665ea5f8"><div class="rating-stars"><div style="width: 82.8%;" class="rating-stars__stars rating-stars__stars--top" aria-hidden="true"><span aria-hidden="true">★</span><span aria-hidden="true">★</span><span aria-hidden="true">★</span><span aria-hidden="true">★</span><span aria-hidden="true">★</span></div><div class="rating-stars__stars rating-stars__stars--bottom" aria-hidden="true"><span aria-hidden="true">☆</span><span aria-hidden="true">☆</span><span aria-hidden="true">☆</span><span aria-hidden="true">☆</span><span aria-hidden="true">☆</span></div></div><span class="co-product__review-count" aria-hidden="true">(50+)</span></button></div><div class="co-item__bundled-item-count-container"></div><div class="co-item__promo-container co-item__promo-container--rest-in-shelf"></div><div class="label-container"><div><ul><div class="co-item__icon-list-container"><ul class="co-product__promo-icon-list co-item__promo-icon-list co-item__promo-icon-list--list-position"><li class="co-product__promo-icon-item"><div class="co-product__promo-icon-image-cntr"><button data-auto-id="btnPromo" type="button" class="asda-btn asda-btn--plain co-product__promo-icon-button" aria-label="show information on Frozen"><picture class="asda-image picture"><source srcset="https://ui.assets-asda.com/dm/_046_frozen?$Icon-wapp2x$="><img alt="Frozen" class="asda-img asda-image co-product__promo-icon-img" data-auto-id="" src="https://ui.assets-asda.com/dm/_046_frozen?$Icon-wapp2x$=" loading="lazy" title="Frozen"></picture></button></div></li></ul></div></ul></div></div></div><div class="co-item__col3 co-item__col3--rest-in-shelf"><div class="co-item__price-container co-item__price-container--rest-in-shelf"><span class="co-item__price-per-uom"><strong class="co-product__price"><span class="co-product__hidden-label"> now </span>£2.00</strong><p class="co-item__price-per-uom-msg"><span class="co-product__price-per-uom">(£4.00/kg)</span></p></span></div><div class="co-item__quantity-container co-item__quantity-container--rest-in-shelf"><div class="co-item__quantity-container"><div class="quantity-button"><div class="add-button-with-tooltip"><div class="tooltip-wrapper"><button data-auto-id="btnAdd" type="button" class="asda-btn asda-btn--primary asda-btn--fluid add-button" aria-label="Add item JUST ESSENTIALS by ASDA 10 Breaded Cod Fishcakes 500g to cart" data-di-id="di-id-bd5e14ce-b3d9e896">Add</button></div></div></div></div></div></div><div class="co-item__col4"><a class="asda-link asda-link--primary" data-auto-id="linkViewTheShelf" target="_self" href="/shelf/frozen-food/chicken-meat-fish/frozen-fish/fishcakes/1215338621416-1215666947082-1215685961757-910001112675" data-di-id="di-id-e6b55506-2191b831">View the shelf</a></div></div></div></li><li class=" co-item co-item--rest-in-shelf " style="order: 45;"><div><div class="co-product"><div class="co-item__col1 co-item__col1--rest-in-shelf"><button type="button" data-auto-id="linkProductImage" class="asda-link asda-link--primary asda-link--button" aria-disabled="false"><div class="thumbnail__image-container co-product__image co-product__image--rest-in-shelf co-item__image"><picture class="asda-image picture"><source type="image/webp" srcset="https://ui.assets-asda.com/dm/asdagroceries/5057172226139?$ProdList2x$=&amp;fmt=webp"><img alt="ASDA Boneless Salmon Side 800g" class="asda-img asda-image thumbnail__image" data-auto-id="" src="https://ui.assets-asda.com/dm/asdagroceries/5057172226139?$ProdList2x$=&amp;fmt=jpg" loading="lazy" title="ASDA Boneless Salmon Side 800g"></picture></div></button><div class="co-item__items-container"><div class="co-item-fsl__favourites-image-container co-item__items" role="presentation" data-auto-id="favouritesAndShoppingList"><div class="context-wrapper"><button data-auto-id="" type="button" class="asda-btn asda-btn--plain asda-btn--icon co-item-fsl__favourites-button" aria-label="options for favourite shopping list" aria-expanded="false"><span role="img" data-auto-id="" class="asda-icon asda-icon--white asda-icon--regular asda-icon--rotate0 co-item-fsl__favourites-image co-item__items"><svg viewBox="0 0 35 23" xmlns="http://www.w3.org/2000/svg" xmlns:xlink="http://www.w3.org/1999/xlink" data-di-res-id="c953ac56-6e5aece4" data-di-rand="1750009195281"><defs><path id="asda_fav_list_1" d="M7.02 2C7 2.344 7 2.685 7 3h6c0-.315 0-.656-.02-1H18c1 0 2 .784 2 1.667v17.667C20 22.167 19 23 18 23H2c-1 0-2-.833-2-1.666V3.667C0 2.833 1 2 2 2h5.02zM12 2H8c0-1 1-2 2-2s2 1 2 2zM7 17v2h10v-2H7zm-4-5v2h2v-2H3zm0-5v2h2V7H3zm0 10v2h2v-2H3zm4-5v2h10v-2H7zm0-5v2h10V7H7z"></path><path id="asda_fav_list_2" d="M24 21c-1.818-1.8-10-7.65-10-12.6C14 5.7 15.818 3 19 3c2 0 4 .82 5 3.295C25 3.82 27 3 29 3c3.182 0 5 2.7 5 5.4 0 4.95-8.182 10.8-10 12.6z"></path></defs><g class="asda-icon__draw" fill="none" fill-rule="evenodd"><use fill="#3d3d3d" xlink:href="#asda_fav_list_1"></use><use class="asda-icon__draw" fill="#FFF" stroke="#3d3d3d" stroke-width="1.9" xlink:href="#asda_fav_list_2"></use></g></svg></span></button></div></div><div class="co-item__volume-container co-item__items"><span class="co-product__volume co-item__volume">800g      </span></div></div></div><div class="co-item__col2 co-item__col2--rest-in-shelf co-item__col2--has-icon-list"><div class="co-item__title-container co-item__title-container--rest-in-shelf"><h3 class="co-product__title"><a class="co-product__anchor" data-auto-id="linkProductTitle" href="/product/salmon/asda-boneless-salmon-side-800-g/1000163063155" data-di-id="di-id-f0cb0bf3-8042ebe7">ASDA Boneless Salmon Side 800g</a></h3></div><div class="co-item__rating-container"><button type="button" data-auto-id="linkProductRating" class="asda-link asda-link--primary asda-link--button co-product__rating" aria-disabled="false" aria-label="4.48 stars out of 5 based on 50+ reviews, you will be taken to the reviews on clicking this" data-di-id="di-id-f9fe053c-665ea5f8"><div class="rating-stars"><div style="width: 89.6%;" class="rating-stars__stars rating-stars__stars--top" aria-hidden="true"><span aria-hidden="true">★</span><span aria-hidden="true">★</span><span aria-hidden="true">★</span><span aria-hidden="true">★</span><span aria-hidden="true">★</span></div><div class="rating-stars__stars rating-stars__stars--bottom" aria-hidden="true"><span aria-hidden="true">☆</span><span aria-hidden="true">☆</span><span aria-hidden="true">☆</span><span aria-hidden="true">☆</span><span aria-hidden="true">☆</span></div></div><span class="co-product__review-count" aria-hidden="true">(50+)</span></button></div><div class="co-item__bundled-item-count-container"></div><div class="co-item__promo-container co-item__promo-container--rest-in-shelf"></div><div class="label-container"><div><ul><div class="co-item__icon-list-container"><ul class="co-product__promo-icon-list co-item__promo-icon-list co-item__promo-icon-list--list-position"><li class="co-product__promo-icon-item"><div class="co-product__promo-icon-image-cntr"><button data-auto-id="btnPromo" type="button" class="asda-btn asda-btn--plain co-product__promo-icon-button" aria-label="show information on Typically fresh for 3 days"><picture class="asda-image picture"><source srcset="https://ui.assets-asda.com/dm/produce-3-days-icon?$Icon-wapp2x$="><img alt="Typically fresh for 3 days" class="asda-img asda-image co-product__promo-icon-img" data-auto-id="" src="https://ui.assets-asda.com/dm/produce-3-days-icon?$Icon-wapp2x$=" loading="lazy" title="Typically fresh for 3 days"></picture></button></div></li><li class="co-product__promo-icon-item"><div class="co-product__promo-icon-image-cntr"><button data-auto-id="btnPromo" type="button" class="asda-btn asda-btn--plain co-product__promo-icon-button" aria-label="show information on Live Better"><picture class="asda-image picture"><source srcset="https://ui.assets-asda.com/dm/_923_LiveBetter_Update?$Icon-wapp2x$="><img alt="Live Better" class="asda-img asda-image co-product__promo-icon-img" data-auto-id="" src="https://ui.assets-asda.com/dm/_923_LiveBetter_Update?$Icon-wapp2x$=" loading="lazy" title="Live Better"></picture></button></div></li></ul></div></ul></div></div></div><div class="co-item__col3 co-item__col3--rest-in-shelf"><div class="co-item__price-container co-item__price-container--rest-in-shelf"><span class="co-item__price-per-uom"><strong class="co-product__price"><span class="co-product__hidden-label"> now </span>£18.28</strong><p class="co-item__price-per-uom-msg"><span class="co-product__price-per-uom">(£22.85/kg)</span></p></span></div><div class="co-item__quantity-container co-item__quantity-container--rest-in-shelf"><div class="co-item__quantity-container"><div class="quantity-button"><div class="add-button-with-tooltip"><div class="tooltip-wrapper"><button data-auto-id="btnAdd" type="button" class="asda-btn asda-btn--primary asda-btn--fluid add-button" aria-label="Add item ASDA Boneless Salmon Side 800g to cart" data-di-id="di-id-bd5e14ce-b3d9e896">Add</button></div></div></div></div></div></div><div class="co-item__col4"><a class="asda-link asda-link--primary" data-auto-id="linkViewTheShelf" target="_self" href="/aisle/meat-poultry-fish/fish-seafood/salmon/1215135760597-1215337195095-1215685901159" data-di-id="di-id-9404a7e0-69a8840c">View the shelf</a></div></div></div></li><li class=" co-item co-item--rest-in-shelf " style="order: 46;"><div><div class="co-product"><div class="co-item__col1 co-item__col1--rest-in-shelf"><button type="button" data-auto-id="linkProductImage" class="asda-link asda-link--primary asda-link--button" aria-disabled="false"><div class="thumbnail__image-container co-product__image co-product__image--rest-in-shelf co-item__image"><picture class="asda-image picture"><source type="image/webp" srcset="https://ui.assets-asda.com/dm/asdagroceries/27536520?$ProdList2x$=&amp;fmt=webp"><img alt="JUST ESSENTIALS by ASDA Cooking Bacon 500g" class="asda-img asda-image thumbnail__image" data-auto-id="" src="https://ui.assets-asda.com/dm/asdagroceries/27536520?$ProdList2x$=&amp;fmt=jpg" loading="lazy" title="JUST ESSENTIALS by ASDA Cooking Bacon 500g"></picture></div></button><div class="co-item__items-container"><div class="co-item-fsl__favourites-image-container co-item__items" role="presentation" data-auto-id="favouritesAndShoppingList"><div class="context-wrapper"><button data-auto-id="" type="button" class="asda-btn asda-btn--plain asda-btn--icon co-item-fsl__favourites-button" aria-label="options for favourite shopping list" aria-expanded="false"><span role="img" data-auto-id="" class="asda-icon asda-icon--white asda-icon--regular asda-icon--rotate0 co-item-fsl__favourites-image co-item__items"><svg viewBox="0 0 35 23" xmlns="http://www.w3.org/2000/svg" xmlns:xlink="http://www.w3.org/1999/xlink" data-di-res-id="c953ac56-9d086e4c" data-di-rand="1750009195281"><defs><path id="asda_fav_list_1" d="M7.02 2C7 2.344 7 2.685 7 3h6c0-.315 0-.656-.02-1H18c1 0 2 .784 2 1.667v17.667C20 22.167 19 23 18 23H2c-1 0-2-.833-2-1.666V3.667C0 2.833 1 2 2 2h5.02zM12 2H8c0-1 1-2 2-2s2 1 2 2zM7 17v2h10v-2H7zm-4-5v2h2v-2H3zm0-5v2h2V7H3zm0 10v2h2v-2H3zm4-5v2h10v-2H7zm0-5v2h10V7H7z"></path><path id="asda_fav_list_2" d="M24 21c-1.818-1.8-10-7.65-10-12.6C14 5.7 15.818 3 19 3c2 0 4 .82 5 3.295C25 3.82 27 3 29 3c3.182 0 5 2.7 5 5.4 0 4.95-8.182 10.8-10 12.6z"></path></defs><g class="asda-icon__draw" fill="none" fill-rule="evenodd"><use fill="#3d3d3d" xlink:href="#asda_fav_list_1"></use><use class="asda-icon__draw" fill="#FFF" stroke="#3d3d3d" stroke-width="1.9" xlink:href="#asda_fav_list_2"></use></g></svg></span></button></div></div><div class="co-item__volume-container co-item__items"><span class="co-product__volume co-item__volume">500g      </span></div></div></div><div class="co-item__col2 co-item__col2--rest-in-shelf"><div class="co-item__title-container co-item__title-container--rest-in-shelf"><h3 class="co-product__title"><a class="co-product__anchor" data-auto-id="linkProductTitle" href="/product/bacon/just-essentials-by-asda-cooking-bacon-500-g/1000223013487" data-di-id="di-id-d90366b3-5c67854">JUST ESSENTIALS by ASDA Cooking Bacon 500g</a></h3></div><div class="co-item__rating-container"><button type="button" data-auto-id="linkProductRating" class="asda-link asda-link--primary asda-link--button co-product__rating" aria-disabled="false" aria-label="3.98 stars out of 5 based on 50+ reviews, you will be taken to the reviews on clicking this" data-di-id="di-id-f9fe053c-665ea5f8"><div class="rating-stars"><div style="width: 79.6%;" class="rating-stars__stars rating-stars__stars--top" aria-hidden="true"><span aria-hidden="true">★</span><span aria-hidden="true">★</span><span aria-hidden="true">★</span><span aria-hidden="true">★</span><span aria-hidden="true">★</span></div><div class="rating-stars__stars rating-stars__stars--bottom" aria-hidden="true"><span aria-hidden="true">☆</span><span aria-hidden="true">☆</span><span aria-hidden="true">☆</span><span aria-hidden="true">☆</span><span aria-hidden="true">☆</span></div></div><span class="co-product__review-count" aria-hidden="true">(50+)</span></button></div><div class="co-item__bundled-item-count-container"></div><div class="co-item__promo-container co-item__promo-container--rest-in-shelf"></div><div class="label-container"><div><ul></ul></div></div></div><div class="co-item__col3 co-item__col3--rest-in-shelf"><div class="co-item__price-container co-item__price-container--rest-in-shelf"><span class="co-item__price-per-uom"><strong class="co-product__price"><span class="co-product__hidden-label"> now </span>£1.00</strong><p class="co-item__price-per-uom-msg"><span class="co-product__price-per-uom">(£2.00/kg)</span></p></span></div><div class="co-item__quantity-container co-item__quantity-container--rest-in-shelf"><div class="co-item__quantity-container"><div class="quantity-button"><div class="add-button-with-tooltip"><div class="tooltip-wrapper"><button data-auto-id="btnAdd" type="button" class="asda-btn asda-btn--primary asda-btn--fluid add-button" aria-label="Add item JUST ESSENTIALS by ASDA Cooking Bacon 500g to cart" data-di-id="di-id-bd5e14ce-b3d9e896">Add</button></div></div></div></div></div></div><div class="co-item__col4"><a class="asda-link asda-link--primary" data-auto-id="linkViewTheShelf" target="_self" href="/shelf/meat-poultry-fish/meat-poultry/bacon-sausages-gammon/bacon/1215135760597-910000975206-910000975529-1215684161143" data-di-id="di-id-f36189d6-372588df">View the shelf</a></div></div></div></li><li class=" co-item co-item--rest-in-shelf " style="order: 47;"><div><div class="co-product"><div class="co-item__col1 co-item__col1--rest-in-shelf"><button type="button" data-auto-id="linkProductImage" class="asda-link asda-link--primary asda-link--button" aria-disabled="false"><div class="thumbnail__image-container co-product__image co-product__image--rest-in-shelf co-item__image"><picture class="asda-image picture"><source type="image/webp" srcset="https://ui.assets-asda.com/dm/asdagroceries/5063089684672?$ProdList2x$=&amp;fmt=webp"><img alt="JUST ESSENTIALS by ASDA 20 Breaded Chicken Nuggets 320g" class="asda-img asda-image thumbnail__image" data-auto-id="" src="https://ui.assets-asda.com/dm/asdagroceries/5063089684672?$ProdList2x$=&amp;fmt=jpg" loading="lazy" title="JUST ESSENTIALS by ASDA 20 Breaded Chicken Nuggets 320g"></picture></div></button><div class="co-item__items-container"><div class="co-item-fsl__favourites-image-container co-item__items" role="presentation" data-auto-id="favouritesAndShoppingList"><div class="context-wrapper"><button data-auto-id="" type="button" class="asda-btn asda-btn--plain asda-btn--icon co-item-fsl__favourites-button" aria-label="options for favourite shopping list" aria-expanded="false"><span role="img" data-auto-id="" class="asda-icon asda-icon--white asda-icon--regular asda-icon--rotate0 co-item-fsl__favourites-image co-item__items"><svg viewBox="0 0 35 23" xmlns="http://www.w3.org/2000/svg" xmlns:xlink="http://www.w3.org/1999/xlink" data-di-res-id="c953ac56-fddc0e32" data-di-rand="1750009195281"><defs><path id="asda_fav_list_1" d="M7.02 2C7 2.344 7 2.685 7 3h6c0-.315 0-.656-.02-1H18c1 0 2 .784 2 1.667v17.667C20 22.167 19 23 18 23H2c-1 0-2-.833-2-1.666V3.667C0 2.833 1 2 2 2h5.02zM12 2H8c0-1 1-2 2-2s2 1 2 2zM7 17v2h10v-2H7zm-4-5v2h2v-2H3zm0-5v2h2V7H3zm0 10v2h2v-2H3zm4-5v2h10v-2H7zm0-5v2h10V7H7z"></path><path id="asda_fav_list_2" d="M24 21c-1.818-1.8-10-7.65-10-12.6C14 5.7 15.818 3 19 3c2 0 4 .82 5 3.295C25 3.82 27 3 29 3c3.182 0 5 2.7 5 5.4 0 4.95-8.182 10.8-10 12.6z"></path></defs><g class="asda-icon__draw" fill="none" fill-rule="evenodd"><use fill="#3d3d3d" xlink:href="#asda_fav_list_1"></use><use class="asda-icon__draw" fill="#FFF" stroke="#3d3d3d" stroke-width="1.9" xlink:href="#asda_fav_list_2"></use></g></svg></span></button></div></div><div class="co-item__volume-container co-item__items"><span class="co-product__volume co-item__volume">320g      </span></div></div></div><div class="co-item__col2 co-item__col2--rest-in-shelf co-item__col2--has-icon-list"><div class="co-item__title-container co-item__title-container--rest-in-shelf"><h3 class="co-product__title"><a class="co-product__anchor" data-auto-id="linkProductTitle" href="/product/nuggets-dippers-shapes/just-essentials-by-asda-20-breaded-chicken-nuggets-320-g/1000383247009" data-di-id="di-id-54430b1c-11bd4e93">JUST ESSENTIALS by ASDA 20 Breaded Chicken Nuggets 320g</a></h3></div><div class="co-item__rating-container"><button type="button" data-auto-id="linkProductRating" class="asda-link asda-link--primary asda-link--button co-product__rating" aria-disabled="false" aria-label="4.8 stars out of 5 based on 5 reviews, you will be taken to the reviews on clicking this" data-di-id="di-id-48b023cf-9b4cfd04"><div class="rating-stars"><div style="width: 96%;" class="rating-stars__stars rating-stars__stars--top" aria-hidden="true"><span aria-hidden="true">★</span><span aria-hidden="true">★</span><span aria-hidden="true">★</span><span aria-hidden="true">★</span><span aria-hidden="true">★</span></div><div class="rating-stars__stars rating-stars__stars--bottom" aria-hidden="true"><span aria-hidden="true">☆</span><span aria-hidden="true">☆</span><span aria-hidden="true">☆</span><span aria-hidden="true">☆</span><span aria-hidden="true">☆</span></div></div><span class="co-product__review-count" aria-hidden="true">(5)</span></button></div><div class="co-item__bundled-item-count-container"></div><div class="co-item__promo-container co-item__promo-container--rest-in-shelf"></div><div class="label-container"><div><ul><div class="co-item__icon-list-container"><ul class="co-product__promo-icon-list co-item__promo-icon-list co-item__promo-icon-list--list-position"><li class="co-product__promo-icon-item"><div class="co-product__promo-icon-image-cntr"><button data-auto-id="btnPromo" type="button" class="asda-btn asda-btn--plain co-product__promo-icon-button" aria-label="show information on Frozen"><picture class="asda-image picture"><source srcset="https://ui.assets-asda.com/dm/_046_frozen?$Icon-wapp2x$="><img alt="Frozen" class="asda-img asda-image co-product__promo-icon-img" data-auto-id="" src="https://ui.assets-asda.com/dm/_046_frozen?$Icon-wapp2x$=" loading="lazy" title="Frozen"></picture></button></div></li></ul></div></ul></div></div></div><div class="co-item__col3 co-item__col3--rest-in-shelf"><div class="co-item__price-container co-item__price-container--rest-in-shelf"><span class="co-item__price-per-uom"><strong class="co-product__price"><span class="co-product__hidden-label"> now </span>£1.10</strong><p class="co-item__price-per-uom-msg"><span class="co-product__price-per-uom">(£3.44/kg)</span></p></span></div><div class="co-item__quantity-container co-item__quantity-container--rest-in-shelf"><div class="co-item__quantity-container"><div class="quantity-button"><div class="add-button-with-tooltip"><div class="tooltip-wrapper"><button data-auto-id="btnAdd" type="button" class="asda-btn asda-btn--primary asda-btn--fluid add-button" aria-label="Add item JUST ESSENTIALS by ASDA 20 Breaded Chicken Nuggets 320g to cart" data-di-id="di-id-bd5e14ce-b3d9e896">Add</button></div></div></div></div></div></div><div class="co-item__col4"><a class="asda-link asda-link--primary" data-auto-id="linkViewTheShelf" target="_self" href="/shelf/frozen-food/chicken-meat-fish/frozen-chicken-turkey/nuggets-dippers-shapes/1215338621416-1215666947082-1215685961752-1215339376032" data-di-id="di-id-804c4365-8094e116">View the shelf</a></div></div></div></li><li class=" co-item co-item--rest-in-shelf " style="order: 48;"><div><div class="co-product"><div class="co-item__col1 co-item__col1--rest-in-shelf"><button type="button" data-auto-id="linkProductImage" class="asda-link asda-link--primary asda-link--button" aria-disabled="false"><div class="thumbnail__image-container co-product__image co-product__image--rest-in-shelf co-item__image"><picture class="asda-image picture"><source type="image/webp" srcset="https://ui.assets-asda.com/dm/asdagroceries/5063089222027?$ProdList2x$=&amp;fmt=webp"><img alt="ASDA Salmon &amp; Prawn Sushi" class="asda-img asda-image thumbnail__image" data-auto-id="" src="https://ui.assets-asda.com/dm/asdagroceries/5063089222027?$ProdList2x$=&amp;fmt=jpg" loading="lazy" title="ASDA Salmon &amp; Prawn Sushi"></picture></div></button><div class="co-item__items-container"><div class="co-item-fsl__favourites-image-container co-item__items" role="presentation" data-auto-id="favouritesAndShoppingList"><div class="context-wrapper"><button data-auto-id="" type="button" class="asda-btn asda-btn--plain asda-btn--icon co-item-fsl__favourites-button" aria-label="options for favourite shopping list" aria-expanded="false"><span role="img" data-auto-id="" class="asda-icon asda-icon--white asda-icon--regular asda-icon--rotate0 co-item-fsl__favourites-image co-item__items"><svg viewBox="0 0 35 23" xmlns="http://www.w3.org/2000/svg" xmlns:xlink="http://www.w3.org/1999/xlink" data-di-res-id="c953ac56-133b48e2" data-di-rand="1750009195281"><defs><path id="asda_fav_list_1" d="M7.02 2C7 2.344 7 2.685 7 3h6c0-.315 0-.656-.02-1H18c1 0 2 .784 2 1.667v17.667C20 22.167 19 23 18 23H2c-1 0-2-.833-2-1.666V3.667C0 2.833 1 2 2 2h5.02zM12 2H8c0-1 1-2 2-2s2 1 2 2zM7 17v2h10v-2H7zm-4-5v2h2v-2H3zm0-5v2h2V7H3zm0 10v2h2v-2H3zm4-5v2h10v-2H7zm0-5v2h10V7H7z"></path><path id="asda_fav_list_2" d="M24 21c-1.818-1.8-10-7.65-10-12.6C14 5.7 15.818 3 19 3c2 0 4 .82 5 3.295C25 3.82 27 3 29 3c3.182 0 5 2.7 5 5.4 0 4.95-8.182 10.8-10 12.6z"></path></defs><g class="asda-icon__draw" fill="none" fill-rule="evenodd"><use fill="#3d3d3d" xlink:href="#asda_fav_list_1"></use><use class="asda-icon__draw" fill="#FFF" stroke="#3d3d3d" stroke-width="1.9" xlink:href="#asda_fav_list_2"></use></g></svg></span></button></div></div><div class="co-item__volume-container co-item__items"><span class="co-product__volume co-item__volume">151g      </span></div></div><div class="link-save-banner"><a class="link-save-banner-large__anchor link-save-banner-large__anchor--hyperlink" data-auto-id="linkPromoDetail" href="/promotion/any-3-for-2/ls95038" data-di-id="di-id-cd7611ed-ec172ce1"><div class="link-save-banner-large__meat-sticker"><span class="link-save-banner-large__config link-save-banner-large__config--inline-block link-save-banner-large__config--font-huge link-save-banner-large__config--height-normal link-save-banner-large__config--down-large link-save-banner-large__config--font-weight-semi-bold">3 </span><span class="link-save-banner-large__config link-save-banner-large__config--inline-block link-save-banner-large__config--font-small link-save-banner-large__config--down-large link-save-banner-large__config--margin-horizontal-small"> for </span><span class="link-save-banner-large__config link-save-banner-large__config--inline-block link-save-banner-large__config--font-huge link-save-banner-large__config--down-large link-save-banner-large__config--font-weight-semi-bold"> 2</span><span class="link-save-banner-large__view-all">View all</span></div></a></div></div><div class="co-item__col2 co-item__col2--rest-in-shelf"><div class="co-item__title-container co-item__title-container--rest-in-shelf"><h3 class="co-product__title"><a class="co-product__anchor" data-auto-id="linkProductTitle" href="/product/sandwiches-salads-sushi/asda-salmon-prawn-sushi/1000383176208" data-di-id="di-id-da561fed-c5e9c619">ASDA Salmon &amp; Prawn Sushi</a></h3></div><div class="co-item__rating-container"><button type="button" data-auto-id="linkProductRating" class="asda-link asda-link--primary asda-link--button co-product__rating" aria-disabled="false" aria-label="3.1 stars out of 5 based on 29 reviews, you will be taken to the reviews on clicking this" data-di-id="di-id-f9fe053c-6d778e35"><div class="rating-stars"><div style="width: 62%;" class="rating-stars__stars rating-stars__stars--top" aria-hidden="true"><span aria-hidden="true">★</span><span aria-hidden="true">★</span><span aria-hidden="true">★</span><span aria-hidden="true">★</span><span aria-hidden="true">★</span></div><div class="rating-stars__stars rating-stars__stars--bottom" aria-hidden="true"><span aria-hidden="true">☆</span><span aria-hidden="true">☆</span><span aria-hidden="true">☆</span><span aria-hidden="true">☆</span><span aria-hidden="true">☆</span></div></div><span class="co-product__review-count" aria-hidden="true">(29)</span></button></div><div class="co-item__bundled-item-count-container"></div><div class="co-item__promo-container co-item__promo-container--rest-in-shelf"></div><div class="label-container"><div><ul></ul></div></div></div><div class="co-item__col3 co-item__col3--rest-in-shelf"><div class="co-item__price-container co-item__price-container--rest-in-shelf"><span class="co-item__price-per-uom"><strong class="co-product__price"><span class="co-product__hidden-label"> now </span>£2.84</strong><p class="co-item__price-per-uom-msg"><span class="co-product__price-per-uom">(£1.88/100g)</span></p></span></div><div class="co-item__quantity-container co-item__quantity-container--rest-in-shelf"><div class="co-item__quantity-container"><div class="quantity-button"><div class="add-button-with-tooltip"><div class="tooltip-wrapper"><button data-auto-id="btnAdd" type="button" class="asda-btn asda-btn--primary asda-btn--fluid add-button" aria-label="Add item ASDA Salmon &amp; Prawn Sushi to cart" data-di-id="di-id-bd5e14ce-b3d9e896">Add</button></div></div></div></div></div></div><div class="co-item__col4"><a class="asda-link asda-link--primary" data-auto-id="linkViewTheShelf" target="_self" href="/shelf/chilled-food/sandwiches-snacks-drinks/sandwiches-snacks-drinks/sandwiches-salads-sushi/1215660378320-1215661252829-1215663358571-1215684961185" data-di-id="di-id-ce33dcf4-c50163d3">View the shelf</a></div></div></div></li><li class=" co-item co-item--rest-in-shelf " style="order: 49;"><div><div class="co-product"><div class="co-item__col1 co-item__col1--rest-in-shelf"><button type="button" data-auto-id="linkProductImage" class="asda-link asda-link--primary asda-link--button" aria-disabled="false"><div class="thumbnail__image-container co-product__image co-product__image--rest-in-shelf co-item__image"><picture class="asda-image picture"><source type="image/webp" srcset="https://ui.assets-asda.com/dm/asdagroceries/5063089222010?$ProdList2x$=&amp;fmt=webp"><img alt="ASDA Salmon &amp; Prawn Sushi" class="asda-img asda-image thumbnail__image" data-auto-id="" src="https://ui.assets-asda.com/dm/asdagroceries/5063089222010?$ProdList2x$=&amp;fmt=jpg" loading="lazy" title="ASDA Salmon &amp; Prawn Sushi"></picture></div></button><div class="co-item__items-container"><div class="co-item-fsl__favourites-image-container co-item__items" role="presentation" data-auto-id="favouritesAndShoppingList"><div class="context-wrapper"><button data-auto-id="" type="button" class="asda-btn asda-btn--plain asda-btn--icon co-item-fsl__favourites-button" aria-label="options for favourite shopping list" aria-expanded="false"><span role="img" data-auto-id="" class="asda-icon asda-icon--white asda-icon--regular asda-icon--rotate0 co-item-fsl__favourites-image co-item__items"><svg viewBox="0 0 35 23" xmlns="http://www.w3.org/2000/svg" xmlns:xlink="http://www.w3.org/1999/xlink" data-di-res-id="dbe603b8-18a1c64f" data-di-rand="1750009195282"><defs><path id="asda_fav_list_1" d="M7.02 2C7 2.344 7 2.685 7 3h6c0-.315 0-.656-.02-1H18c1 0 2 .784 2 1.667v17.667C20 22.167 19 23 18 23H2c-1 0-2-.833-2-1.666V3.667C0 2.833 1 2 2 2h5.02zM12 2H8c0-1 1-2 2-2s2 1 2 2zM7 17v2h10v-2H7zm-4-5v2h2v-2H3zm0-5v2h2V7H3zm0 10v2h2v-2H3zm4-5v2h10v-2H7zm0-5v2h10V7H7z"></path><path id="asda_fav_list_2" d="M24 21c-1.818-1.8-10-7.65-10-12.6C14 5.7 15.818 3 19 3c2 0 4 .82 5 3.295C25 3.82 27 3 29 3c3.182 0 5 2.7 5 5.4 0 4.95-8.182 10.8-10 12.6z"></path></defs><g class="asda-icon__draw" fill="none" fill-rule="evenodd"><use fill="#3d3d3d" xlink:href="#asda_fav_list_1"></use><use class="asda-icon__draw" fill="#FFF" stroke="#3d3d3d" stroke-width="1.9" xlink:href="#asda_fav_list_2"></use></g></svg></span></button></div></div><div class="co-item__volume-container co-item__items"><span class="co-product__volume co-item__volume">each      </span></div></div><div class="link-save-banner"><a class="link-save-banner-large__anchor link-save-banner-large__anchor--hyperlink" data-auto-id="linkPromoDetail" href="/promotion/any-3-for-2/ls95038" data-di-id="di-id-cd7611ed-ec172ce1"><div class="link-save-banner-large__meat-sticker"><span class="link-save-banner-large__config link-save-banner-large__config--inline-block link-save-banner-large__config--font-huge link-save-banner-large__config--height-normal link-save-banner-large__config--down-large link-save-banner-large__config--font-weight-semi-bold">3 </span><span class="link-save-banner-large__config link-save-banner-large__config--inline-block link-save-banner-large__config--font-small link-save-banner-large__config--down-large link-save-banner-large__config--margin-horizontal-small"> for </span><span class="link-save-banner-large__config link-save-banner-large__config--inline-block link-save-banner-large__config--font-huge link-save-banner-large__config--down-large link-save-banner-large__config--font-weight-semi-bold"> 2</span><span class="link-save-banner-large__view-all">View all</span></div></a></div></div><div class="co-item__col2 co-item__col2--rest-in-shelf"><div class="co-item__title-container co-item__title-container--rest-in-shelf"><h3 class="co-product__title"><a class="co-product__anchor" data-auto-id="linkProductTitle" href="/product/sandwiches-salads-sushi/asda-salmon-prawn-sushi/1000383176083" data-di-id="di-id-da561fed-76c85277">ASDA Salmon &amp; Prawn Sushi</a></h3></div><div class="co-item__rating-container"><button type="button" data-auto-id="linkProductRating" class="asda-link asda-link--primary asda-link--button co-product__rating" aria-disabled="false" aria-label="3.9 stars out of 5 based on 21 reviews, you will be taken to the reviews on clicking this" data-di-id="di-id-f9fe053c-a5ae043d"><div class="rating-stars"><div style="width: 78%;" class="rating-stars__stars rating-stars__stars--top" aria-hidden="true"><span aria-hidden="true">★</span><span aria-hidden="true">★</span><span aria-hidden="true">★</span><span aria-hidden="true">★</span><span aria-hidden="true">★</span></div><div class="rating-stars__stars rating-stars__stars--bottom" aria-hidden="true"><span aria-hidden="true">☆</span><span aria-hidden="true">☆</span><span aria-hidden="true">☆</span><span aria-hidden="true">☆</span><span aria-hidden="true">☆</span></div></div><span class="co-product__review-count" aria-hidden="true">(21)</span></button></div><div class="co-item__bundled-item-count-container"></div><div class="co-item__promo-container co-item__promo-container--rest-in-shelf"></div><div class="label-container"><div><ul></ul></div></div></div><div class="co-item__col3 co-item__col3--rest-in-shelf"><div class="co-item__price-container co-item__price-container--rest-in-shelf"><span class="co-item__price-per-uom"><strong class="co-product__price"><span class="co-product__hidden-label"> now </span>£1.52</strong><p class="co-item__price-per-uom-msg"><span class="co-product__price-per-uom">(£1.52/each)</span></p></span></div><div class="co-item__quantity-container co-item__quantity-container--rest-in-shelf"><div class="co-item__quantity-container"><div class="quantity-button"><div class="add-button-with-tooltip"><div class="tooltip-wrapper"><button data-auto-id="btnAdd" type="button" class="asda-btn asda-btn--primary asda-btn--fluid add-button" aria-label="Add item ASDA Salmon &amp; Prawn Sushi to cart" data-di-id="di-id-bd5e14ce-b3d9e896">Add</button></div></div></div></div></div></div><div class="co-item__col4"><a class="asda-link asda-link--primary" data-auto-id="linkViewTheShelf" target="_self" href="/shelf/chilled-food/sandwiches-snacks-drinks/sandwiches-snacks-drinks/sandwiches-salads-sushi/1215660378320-1215661252829-1215663358571-1215684961185" data-di-id="di-id-ce33dcf4-c50163d3">View the shelf</a></div></div></div></li><li class=" co-item co-item--rest-in-shelf " style="order: 50;"><div><div class="co-product"><div class="co-item__col1 co-item__col1--rest-in-shelf"><button type="button" data-auto-id="linkProductImage" class="asda-link asda-link--primary asda-link--button" aria-disabled="false"><div class="thumbnail__image-container co-product__image co-product__image--rest-in-shelf co-item__image"><picture class="asda-image picture"><source type="image/webp" srcset="https://ui.assets-asda.com/dm/asdagroceries/5063089482872?$ProdList2x$=&amp;fmt=webp"><img alt="Exceptional by ASDA Cod Fishcakes with a Creamy Parsley Sauce 290g" class="asda-img asda-image thumbnail__image" data-auto-id="" src="https://ui.assets-asda.com/dm/asdagroceries/5063089482872?$ProdList2x$=&amp;fmt=jpg" loading="lazy" title="Exceptional by ASDA Cod Fishcakes with a Creamy Parsley Sauce 290g"></picture></div></button><div class="co-item__items-container"><div class="co-item-fsl__favourites-image-container co-item__items" role="presentation" data-auto-id="favouritesAndShoppingList"><div class="context-wrapper"><button data-auto-id="" type="button" class="asda-btn asda-btn--plain asda-btn--icon co-item-fsl__favourites-button" aria-label="options for favourite shopping list" aria-expanded="false"><span role="img" data-auto-id="" class="asda-icon asda-icon--white asda-icon--regular asda-icon--rotate0 co-item-fsl__favourites-image co-item__items"><svg viewBox="0 0 35 23" xmlns="http://www.w3.org/2000/svg" xmlns:xlink="http://www.w3.org/1999/xlink" data-di-res-id="31ba029c-33caa1b9" data-di-rand="1750009195282"><defs><path id="asda_fav_list_1" d="M7.02 2C7 2.344 7 2.685 7 3h6c0-.315 0-.656-.02-1H18c1 0 2 .784 2 1.667v17.667C20 22.167 19 23 18 23H2c-1 0-2-.833-2-1.666V3.667C0 2.833 1 2 2 2h5.02zM12 2H8c0-1 1-2 2-2s2 1 2 2zM7 17v2h10v-2H7zm-4-5v2h2v-2H3zm0-5v2h2V7H3zm0 10v2h2v-2H3zm4-5v2h10v-2H7zm0-5v2h10V7H7z"></path><path id="asda_fav_list_2" d="M24 21c-1.818-1.8-10-7.65-10-12.6C14 5.7 15.818 3 19 3c2 0 4 .82 5 3.295C25 3.82 27 3 29 3c3.182 0 5 2.7 5 5.4 0 4.95-8.182 10.8-10 12.6z"></path></defs><g class="asda-icon__draw" fill="none" fill-rule="evenodd"><use fill="#3d3d3d" xlink:href="#asda_fav_list_1"></use><use class="asda-icon__draw" fill="#FFF" stroke="#3d3d3d" stroke-width="1.9" xlink:href="#asda_fav_list_2"></use></g></svg></span></button></div></div><div class="co-item__volume-container co-item__items"><span class="co-product__volume co-item__volume">290g      </span></div></div><div class="link-save-banner"><a class="link-save-banner-large__anchor link-save-banner-large__anchor--hyperlink" data-auto-id="linkPromoDetail" href="/promotion/any-2-for-4.98/ls94955" data-di-id="di-id-cde0763d-e70becc5"><div class="link-save-banner-large__meat-sticker"><span class="link-save-banner-large__config link-save-banner-large__config--block link-save-banner-large__config--font-normal link-save-banner-large__config--center link-save-banner-large__config--height-normal">Any 2 for </span><span class="link-save-banner-large__config link-save-banner-large__config--block link-save-banner-large__config--font-huge link-save-banner-large__config--up-small">£4.98</span><span class="link-save-banner-large__view-all">View all</span></div></a></div></div><div class="co-item__col2 co-item__col2--rest-in-shelf co-item__col2--has-icon-list"><div class="co-item__title-container co-item__title-container--rest-in-shelf"><h3 class="co-product__title"><a class="co-product__anchor" data-auto-id="linkProductTitle" href="/product/breaded-fish-fishcakes/exceptional-by-asda-cod-fishcakes-with-a-creamy-parsley-sauce-290-g/1000383229717" data-di-id="di-id-b7594793-df3d274f">Exceptional by ASDA Cod Fishcakes with a Creamy Parsley Sauce 290g</a></h3></div><div class="co-item__rating-container"><button type="button" data-auto-id="linkProductRating" class="asda-link asda-link--primary asda-link--button co-product__rating" aria-disabled="false" aria-label="4.21 stars out of 5 based on 42 reviews, you will be taken to the reviews on clicking this" data-di-id="di-id-f9fe053c-8a0e2b4c"><div class="rating-stars"><div style="width: 84.2%;" class="rating-stars__stars rating-stars__stars--top" aria-hidden="true"><span aria-hidden="true">★</span><span aria-hidden="true">★</span><span aria-hidden="true">★</span><span aria-hidden="true">★</span><span aria-hidden="true">★</span></div><div class="rating-stars__stars rating-stars__stars--bottom" aria-hidden="true"><span aria-hidden="true">☆</span><span aria-hidden="true">☆</span><span aria-hidden="true">☆</span><span aria-hidden="true">☆</span><span aria-hidden="true">☆</span></div></div><span class="co-product__review-count" aria-hidden="true">(42)</span></button></div><div class="co-item__bundled-item-count-container"></div><div class="co-item__promo-container co-item__promo-container--rest-in-shelf"></div><div class="label-container"><div><ul><div class="co-item__icon-list-container"><ul class="co-product__promo-icon-list co-item__promo-icon-list co-item__promo-icon-list--list-position"><li class="co-product__promo-icon-item"><div class="co-product__promo-icon-image-cntr"><button data-auto-id="btnPromo" type="button" class="asda-btn asda-btn--plain co-product__promo-icon-button" aria-label="show information on Typically fresh for 4 days"><picture class="asda-image picture"><source srcset="https://ui.assets-asda.com/dm/produce-4-days-icon?$Icon-wapp2x$="><img alt="Typically fresh for 4 days" class="asda-img asda-image co-product__promo-icon-img" data-auto-id="" src="https://ui.assets-asda.com/dm/produce-4-days-icon?$Icon-wapp2x$=" loading="lazy" title="Typically fresh for 4 days"></picture></button></div></li></ul></div></ul></div></div></div><div class="co-item__col3 co-item__col3--rest-in-shelf"><div class="co-item__price-container co-item__price-container--rest-in-shelf"><span class="co-item__price-per-uom"><strong class="co-product__price"><span class="co-product__hidden-label"> now </span>£2.83</strong><p class="co-item__price-per-uom-msg"><span class="co-product__price-per-uom">(£9.76/kg)</span></p></span></div><div class="co-item__quantity-container co-item__quantity-container--rest-in-shelf"><div class="co-item__quantity-container"><div class="quantity-button"><div class="add-button-with-tooltip"><div class="tooltip-wrapper"><button data-auto-id="btnAdd" type="button" class="asda-btn asda-btn--primary asda-btn--fluid add-button" aria-label="Add item Exceptional by ASDA Cod Fishcakes with a Creamy Parsley Sauce 290g to cart" data-di-id="di-id-bd5e14ce-b3d9e896">Add</button></div></div></div></div></div></div><div class="co-item__col4"><a class="asda-link asda-link--primary" data-auto-id="linkViewTheShelf" target="_self" href="/aisle/meat-poultry-fish/fish-seafood/breaded-fish-fishcakes/1215135760597-1215337195095-1215685462261" data-di-id="di-id-b88f03a4-60fdf865">View the shelf</a></div></div></div></li><li class=" co-item co-item--rest-in-shelf " style="order: 51;"><div><div class="co-product"><div class="co-item__col1 co-item__col1--rest-in-shelf"><button type="button" data-auto-id="linkProductImage" class="asda-link asda-link--primary asda-link--button" aria-disabled="false"><div class="thumbnail__image-container co-product__image co-product__image--rest-in-shelf co-item__image"><picture class="asda-image picture"><source type="image/webp" srcset="https://ui.assets-asda.com/dm/asdagroceries/5063089172865?$ProdList2x$=&amp;fmt=webp"><img alt="ASDA Dark Soy Sauce 150ml" class="asda-img asda-image thumbnail__image" data-auto-id="" src="https://ui.assets-asda.com/dm/asdagroceries/5063089172865?$ProdList2x$=&amp;fmt=jpg" loading="lazy" title="ASDA Dark Soy Sauce 150ml"></picture></div></button><div class="co-item__items-container"><div class="co-item-fsl__favourites-image-container co-item__items" role="presentation" data-auto-id="favouritesAndShoppingList"><div class="context-wrapper"><button data-auto-id="" type="button" class="asda-btn asda-btn--plain asda-btn--icon co-item-fsl__favourites-button" aria-label="options for favourite shopping list" aria-expanded="false"><span role="img" data-auto-id="" class="asda-icon asda-icon--white asda-icon--regular asda-icon--rotate0 co-item-fsl__favourites-image co-item__items"><svg viewBox="0 0 35 23" xmlns="http://www.w3.org/2000/svg" xmlns:xlink="http://www.w3.org/1999/xlink" data-di-res-id="dbe603b8-e277b2b5" data-di-rand="1750009195282"><defs><path id="asda_fav_list_1" d="M7.02 2C7 2.344 7 2.685 7 3h6c0-.315 0-.656-.02-1H18c1 0 2 .784 2 1.667v17.667C20 22.167 19 23 18 23H2c-1 0-2-.833-2-1.666V3.667C0 2.833 1 2 2 2h5.02zM12 2H8c0-1 1-2 2-2s2 1 2 2zM7 17v2h10v-2H7zm-4-5v2h2v-2H3zm0-5v2h2V7H3zm0 10v2h2v-2H3zm4-5v2h10v-2H7zm0-5v2h10V7H7z"></path><path id="asda_fav_list_2" d="M24 21c-1.818-1.8-10-7.65-10-12.6C14 5.7 15.818 3 19 3c2 0 4 .82 5 3.295C25 3.82 27 3 29 3c3.182 0 5 2.7 5 5.4 0 4.95-8.182 10.8-10 12.6z"></path></defs><g class="asda-icon__draw" fill="none" fill-rule="evenodd"><use fill="#3d3d3d" xlink:href="#asda_fav_list_1"></use><use class="asda-icon__draw" fill="#FFF" stroke="#3d3d3d" stroke-width="1.9" xlink:href="#asda_fav_list_2"></use></g></svg></span></button></div></div><div class="co-item__volume-container co-item__items"><span class="co-product__volume co-item__volume">150ml     </span></div></div></div><div class="co-item__col2 co-item__col2--rest-in-shelf"><div class="co-item__title-container co-item__title-container--rest-in-shelf"><h3 class="co-product__title"><a class="co-product__anchor" data-auto-id="linkProductTitle" href="/product/soy-sauce-fish-sauce/asda-dark-soy-sauce-150-ml/1000383182157" data-di-id="di-id-da561fed-5c3c8a79">ASDA Dark Soy Sauce 150ml</a></h3></div><div class="co-item__rating-container"><button type="button" data-auto-id="linkProductRating" class="asda-link asda-link--primary asda-link--button co-product__rating" aria-disabled="false" aria-label="4.54 stars out of 5 based on 50+ reviews, you will be taken to the reviews on clicking this" data-di-id="di-id-f9fe053c-665ea5f8"><div class="rating-stars"><div style="width: 90.8%;" class="rating-stars__stars rating-stars__stars--top" aria-hidden="true"><span aria-hidden="true">★</span><span aria-hidden="true">★</span><span aria-hidden="true">★</span><span aria-hidden="true">★</span><span aria-hidden="true">★</span></div><div class="rating-stars__stars rating-stars__stars--bottom" aria-hidden="true"><span aria-hidden="true">☆</span><span aria-hidden="true">☆</span><span aria-hidden="true">☆</span><span aria-hidden="true">☆</span><span aria-hidden="true">☆</span></div></div><span class="co-product__review-count" aria-hidden="true">(50+)</span></button></div><div class="co-item__bundled-item-count-container"></div><div class="co-item__promo-container co-item__promo-container--rest-in-shelf"></div><div class="label-container"><div><ul></ul></div></div></div><div class="co-item__col3 co-item__col3--rest-in-shelf"><div class="co-item__price-container co-item__price-container--rest-in-shelf"><span class="co-item__price-per-uom"><strong class="co-product__price"><span class="co-product__hidden-label"> now </span>£0.64</strong><p class="co-item__price-per-uom-msg"><span class="co-product__price-per-uom">(42.7p/100ml)</span></p></span></div><div class="co-item__quantity-container co-item__quantity-container--rest-in-shelf"><div class="co-item__quantity-container"><div class="quantity-button"><div class="add-button-with-tooltip"><div class="tooltip-wrapper"><button data-auto-id="btnAdd" type="button" class="asda-btn asda-btn--primary asda-btn--fluid add-button" aria-label="Add item ASDA Dark Soy Sauce 150ml to cart" data-di-id="di-id-bd5e14ce-b3d9e896">Add</button></div></div></div></div></div></div><div class="co-item__col4"><a class="asda-link asda-link--primary" data-auto-id="linkViewTheShelf" target="_self" href="/shelf/food-cupboard/cooking-sauces-meal-kits-sides/far-eastern-sauces-ingredients/soy-sauce-fish-sauce/1215337189632-1215165877786-1215664046878-1215664270261" data-di-id="di-id-6016855-730f5795">View the shelf</a></div></div></div></li><li class=" co-item co-item--rest-in-shelf " style="order: 52;"><div><div class="co-product"><div class="co-item__col1 co-item__col1--rest-in-shelf"><button type="button" data-auto-id="linkProductImage" class="asda-link asda-link--primary asda-link--button" aria-disabled="false"><div class="thumbnail__image-container co-product__image co-product__image--rest-in-shelf co-item__image"><picture class="asda-image picture"><source type="image/webp" srcset="https://ui.assets-asda.com/dm/asdagroceries/5016316011413?$ProdList2x$=&amp;fmt=webp"><img alt="Whitby Seafoods Scampi Bites 190g" class="asda-img asda-image thumbnail__image" data-auto-id="" src="https://ui.assets-asda.com/dm/asdagroceries/5016316011413?$ProdList2x$=&amp;fmt=jpg" loading="lazy" title="Whitby Seafoods Scampi Bites 190g"></picture></div></button><div class="co-item__items-container"><div class="co-item-fsl__favourites-image-container co-item__items" role="presentation" data-auto-id="favouritesAndShoppingList"><div class="context-wrapper"><button data-auto-id="" type="button" class="asda-btn asda-btn--plain asda-btn--icon co-item-fsl__favourites-button" aria-label="options for favourite shopping list" aria-expanded="false"><span role="img" data-auto-id="" class="asda-icon asda-icon--white asda-icon--regular asda-icon--rotate0 co-item-fsl__favourites-image co-item__items"><svg viewBox="0 0 35 23" xmlns="http://www.w3.org/2000/svg" xmlns:xlink="http://www.w3.org/1999/xlink" data-di-res-id="dbe603b8-99799cd0" data-di-rand="1750009195282"><defs><path id="asda_fav_list_1" d="M7.02 2C7 2.344 7 2.685 7 3h6c0-.315 0-.656-.02-1H18c1 0 2 .784 2 1.667v17.667C20 22.167 19 23 18 23H2c-1 0-2-.833-2-1.666V3.667C0 2.833 1 2 2 2h5.02zM12 2H8c0-1 1-2 2-2s2 1 2 2zM7 17v2h10v-2H7zm-4-5v2h2v-2H3zm0-5v2h2V7H3zm0 10v2h2v-2H3zm4-5v2h10v-2H7zm0-5v2h10V7H7z"></path><path id="asda_fav_list_2" d="M24 21c-1.818-1.8-10-7.65-10-12.6C14 5.7 15.818 3 19 3c2 0 4 .82 5 3.295C25 3.82 27 3 29 3c3.182 0 5 2.7 5 5.4 0 4.95-8.182 10.8-10 12.6z"></path></defs><g class="asda-icon__draw" fill="none" fill-rule="evenodd"><use fill="#3d3d3d" xlink:href="#asda_fav_list_1"></use><use class="asda-icon__draw" fill="#FFF" stroke="#3d3d3d" stroke-width="1.9" xlink:href="#asda_fav_list_2"></use></g></svg></span></button></div></div><div class="co-item__volume-container co-item__items"><span class="co-product__volume co-item__volume">190g      </span></div></div></div><div class="co-item__col2 co-item__col2--rest-in-shelf co-item__col2--has-icon-list"><div class="co-item__title-container co-item__title-container--rest-in-shelf"><h3 class="co-product__title"><a class="co-product__anchor" data-auto-id="linkProductTitle" href="/product/scampi/whitby-seafoods-scampi-bites-190-g/1000383185157" data-di-id="di-id-fab5787d-1d883c74">Whitby Seafoods Scampi Bites 190g</a></h3></div><div class="co-item__rating-container"><button type="button" data-auto-id="linkProductRating" class="asda-link asda-link--primary asda-link--button co-product__rating" aria-disabled="false" aria-label="3.54 stars out of 5 based on 50+ reviews, you will be taken to the reviews on clicking this" data-di-id="di-id-f9fe053c-665ea5f8"><div class="rating-stars"><div style="width: 70.8%;" class="rating-stars__stars rating-stars__stars--top" aria-hidden="true"><span aria-hidden="true">★</span><span aria-hidden="true">★</span><span aria-hidden="true">★</span><span aria-hidden="true">★</span><span aria-hidden="true">★</span></div><div class="rating-stars__stars rating-stars__stars--bottom" aria-hidden="true"><span aria-hidden="true">☆</span><span aria-hidden="true">☆</span><span aria-hidden="true">☆</span><span aria-hidden="true">☆</span><span aria-hidden="true">☆</span></div></div><span class="co-product__review-count" aria-hidden="true">(50+)</span></button></div><div class="co-item__bundled-item-count-container"></div><div class="co-item__promo-container co-item__promo-container--rest-in-shelf"></div><div class="label-container"><div><ul><div class="co-item__icon-list-container"><ul class="co-product__promo-icon-list co-item__promo-icon-list co-item__promo-icon-list--list-position"><li class="co-product__promo-icon-item"><div class="co-product__promo-icon-image-cntr"><button data-auto-id="btnPromo" type="button" class="asda-btn asda-btn--plain co-product__promo-icon-button" aria-label="show information on Frozen"><picture class="asda-image picture"><source srcset="https://ui.assets-asda.com/dm/_046_frozen?$Icon-wapp2x$="><img alt="Frozen" class="asda-img asda-image co-product__promo-icon-img" data-auto-id="" src="https://ui.assets-asda.com/dm/_046_frozen?$Icon-wapp2x$=" loading="lazy" title="Frozen"></picture></button></div></li></ul></div></ul></div></div></div><div class="co-item__col3 co-item__col3--rest-in-shelf"><div class="co-item__price-container co-item__price-container--rest-in-shelf"><span class="co-item__price-per-uom"><strong class="co-product__price"><span class="co-product__hidden-label"> now </span>£1.40</strong><p class="co-item__price-per-uom-msg"><span class="co-product__price-per-uom">(£7.37/kg)</span></p></span></div><div class="co-item__quantity-container co-item__quantity-container--rest-in-shelf"><div class="co-item__quantity-container"><div class="quantity-button"><div class="add-button-with-tooltip"><div class="tooltip-wrapper"><button data-auto-id="btnAdd" type="button" class="asda-btn asda-btn--primary asda-btn--fluid add-button" aria-label="Add item Whitby Seafoods Scampi Bites 190g to cart" data-di-id="di-id-bd5e14ce-b3d9e896">Add</button></div></div></div></div></div></div><div class="co-item__col4"><a class="asda-link asda-link--primary" data-auto-id="linkViewTheShelf" target="_self" href="/shelf/frozen-food/chicken-meat-fish/frozen-prawns-seafood/scampi/1215338621416-1215666947082-1215685961758-1215339380750" data-di-id="di-id-80996c32-f7203fc5">View the shelf</a></div></div></div></li><li class=" co-item co-item--rest-in-shelf " style="order: 53;"><div><div class="co-product"><div class="co-item__col1 co-item__col1--rest-in-shelf"><button type="button" data-auto-id="linkProductImage" class="asda-link asda-link--primary asda-link--button" aria-disabled="false"><div class="thumbnail__image-container co-product__image co-product__image--rest-in-shelf co-item__image"><picture class="asda-image picture"><source type="image/webp" srcset="https://ui.assets-asda.com/dm/asdagroceries/5057172909698?$ProdList2x$=&amp;fmt=webp"><img alt="JUST ESSENTIALS by ASDA Cooked &amp; Peeled Prawns" class="asda-img asda-image thumbnail__image" data-auto-id="" src="https://ui.assets-asda.com/dm/asdagroceries/5057172909698?$ProdList2x$=&amp;fmt=jpg" loading="lazy" title="JUST ESSENTIALS by ASDA Cooked &amp; Peeled Prawns"></picture></div></button><div class="co-item__items-container"><div class="co-item-fsl__favourites-image-container co-item__items" role="presentation" data-auto-id="favouritesAndShoppingList"><div class="context-wrapper"><button data-auto-id="" type="button" class="asda-btn asda-btn--plain asda-btn--icon co-item-fsl__favourites-button" aria-label="options for favourite shopping list" aria-expanded="false"><span role="img" data-auto-id="" class="asda-icon asda-icon--white asda-icon--regular asda-icon--rotate0 co-item-fsl__favourites-image co-item__items"><svg viewBox="0 0 35 23" xmlns="http://www.w3.org/2000/svg" xmlns:xlink="http://www.w3.org/1999/xlink" data-di-res-id="cda2b2c-5464a648" data-di-rand="1750009195283"><defs><path id="asda_fav_list_1" d="M7.02 2C7 2.344 7 2.685 7 3h6c0-.315 0-.656-.02-1H18c1 0 2 .784 2 1.667v17.667C20 22.167 19 23 18 23H2c-1 0-2-.833-2-1.666V3.667C0 2.833 1 2 2 2h5.02zM12 2H8c0-1 1-2 2-2s2 1 2 2zM7 17v2h10v-2H7zm-4-5v2h2v-2H3zm0-5v2h2V7H3zm0 10v2h2v-2H3zm4-5v2h10v-2H7zm0-5v2h10V7H7z"></path><path id="asda_fav_list_2" d="M24 21c-1.818-1.8-10-7.65-10-12.6C14 5.7 15.818 3 19 3c2 0 4 .82 5 3.295C25 3.82 27 3 29 3c3.182 0 5 2.7 5 5.4 0 4.95-8.182 10.8-10 12.6z"></path></defs><g class="asda-icon__draw" fill="none" fill-rule="evenodd"><use fill="#3d3d3d" xlink:href="#asda_fav_list_1"></use><use class="asda-icon__draw" fill="#FFF" stroke="#3d3d3d" stroke-width="1.9" xlink:href="#asda_fav_list_2"></use></g></svg></span></button></div></div><div class="co-item__volume-container co-item__items"><span class="co-product__volume co-item__volume">250g      </span></div></div></div><div class="co-item__col2 co-item__col2--rest-in-shelf co-item__col2--has-icon-list"><div class="co-item__title-container co-item__title-container--rest-in-shelf"><h3 class="co-product__title"><a class="co-product__anchor" data-auto-id="linkProductTitle" href="/product/frozen-prawns-seafood/just-essentials-by-asda-cooked-peeled-prawns/1000383132940" data-di-id="di-id-4cbf925a-873f993">JUST ESSENTIALS by ASDA Cooked &amp; Peeled Prawns</a></h3></div><div class="co-item__rating-container"><button type="button" data-auto-id="linkProductRating" class="asda-link asda-link--primary asda-link--button co-product__rating" aria-disabled="false" aria-label="2.62 stars out of 5 based on 29 reviews, you will be taken to the reviews on clicking this" data-di-id="di-id-f9fe053c-6d778e35"><div class="rating-stars"><div style="width: 52.4%;" class="rating-stars__stars rating-stars__stars--top" aria-hidden="true"><span aria-hidden="true">★</span><span aria-hidden="true">★</span><span aria-hidden="true">★</span><span aria-hidden="true">★</span><span aria-hidden="true">★</span></div><div class="rating-stars__stars rating-stars__stars--bottom" aria-hidden="true"><span aria-hidden="true">☆</span><span aria-hidden="true">☆</span><span aria-hidden="true">☆</span><span aria-hidden="true">☆</span><span aria-hidden="true">☆</span></div></div><span class="co-product__review-count" aria-hidden="true">(29)</span></button></div><div class="co-item__bundled-item-count-container"></div><div class="co-item__promo-container co-item__promo-container--rest-in-shelf"></div><div class="label-container"><div><ul><div class="co-item__icon-list-container"><ul class="co-product__promo-icon-list co-item__promo-icon-list co-item__promo-icon-list--list-position"><li class="co-product__promo-icon-item"><div class="co-product__promo-icon-image-cntr"><button data-auto-id="btnPromo" type="button" class="asda-btn asda-btn--plain co-product__promo-icon-button" aria-label="show information on Frozen"><picture class="asda-image picture"><source srcset="https://ui.assets-asda.com/dm/_046_frozen?$Icon-wapp2x$="><img alt="Frozen" class="asda-img asda-image co-product__promo-icon-img" data-auto-id="" src="https://ui.assets-asda.com/dm/_046_frozen?$Icon-wapp2x$=" loading="lazy" title="Frozen"></picture></button></div></li><li class="co-product__promo-icon-item"><div class="co-product__promo-icon-image-cntr"><button data-auto-id="btnPromo" type="button" class="asda-btn asda-btn--plain co-product__promo-icon-button" aria-label="show information on Live Better"><picture class="asda-image picture"><source srcset="https://ui.assets-asda.com/dm/_923_LiveBetter_Update?$Icon-wapp2x$="><img alt="Live Better" class="asda-img asda-image co-product__promo-icon-img" data-auto-id="" src="https://ui.assets-asda.com/dm/_923_LiveBetter_Update?$Icon-wapp2x$=" loading="lazy" title="Live Better"></picture></button></div></li></ul></div></ul></div></div></div><div class="co-item__col3 co-item__col3--rest-in-shelf"><div class="co-item__price-container co-item__price-container--rest-in-shelf"><span class="co-item__price-per-uom"><strong class="co-product__price"><span class="co-product__hidden-label"> now </span>£2.69</strong><p class="co-item__price-per-uom-msg"><span class="co-product__price-per-uom">(£10.76/kg)</span></p></span></div><div class="co-item__quantity-container co-item__quantity-container--rest-in-shelf"><div class="co-item__quantity-container"><div class="quantity-button"><div class="add-button-with-tooltip"><div class="tooltip-wrapper"><button data-auto-id="btnAdd" type="button" class="asda-btn asda-btn--primary asda-btn--fluid add-button" aria-label="Add item JUST ESSENTIALS by ASDA Cooked &amp; Peeled Prawns to cart" data-di-id="di-id-bd5e14ce-b3d9e896">Add</button></div></div></div></div></div></div><div class="co-item__col4"><a class="asda-link asda-link--primary" data-auto-id="linkViewTheShelf" target="_self" href="/shelf/frozen-food/chicken-meat-fish/frozen-prawns-seafood/frozen-prawns-seafood/1215338621416-1215666947082-1215685961758-910000977249" data-di-id="di-id-264eded6-fa6e615d">View the shelf</a></div></div></div></li><li class=" co-item co-item--rest-in-shelf " style="order: 54;"><div><div class="co-product"><div class="co-item__col1 co-item__col1--rest-in-shelf"><button type="button" data-auto-id="linkProductImage" class="asda-link asda-link--primary asda-link--button" aria-disabled="false"><div class="thumbnail__image-container co-product__image co-product__image--rest-in-shelf co-item__image"><picture class="asda-image picture"><source type="image/webp" srcset="https://ui.assets-asda.com/dm/asdagroceries/5063089172872?$ProdList2x$=&amp;fmt=webp"><img alt="ASDA Light Soy Sauce 150ml" class="asda-img asda-image thumbnail__image" data-auto-id="" src="https://ui.assets-asda.com/dm/asdagroceries/5063089172872?$ProdList2x$=&amp;fmt=jpg" loading="lazy" title="ASDA Light Soy Sauce 150ml"></picture></div></button><div class="co-item__items-container"><div class="co-item-fsl__favourites-image-container co-item__items" role="presentation" data-auto-id="favouritesAndShoppingList"><div class="context-wrapper"><button data-auto-id="" type="button" class="asda-btn asda-btn--plain asda-btn--icon co-item-fsl__favourites-button" aria-label="options for favourite shopping list" aria-expanded="false"><span role="img" data-auto-id="" class="asda-icon asda-icon--white asda-icon--regular asda-icon--rotate0 co-item-fsl__favourites-image co-item__items"><svg viewBox="0 0 35 23" xmlns="http://www.w3.org/2000/svg" xmlns:xlink="http://www.w3.org/1999/xlink" data-di-res-id="635a64dd-474ebda2" data-di-rand="1750009195283"><defs><path id="asda_fav_list_1" d="M7.02 2C7 2.344 7 2.685 7 3h6c0-.315 0-.656-.02-1H18c1 0 2 .784 2 1.667v17.667C20 22.167 19 23 18 23H2c-1 0-2-.833-2-1.666V3.667C0 2.833 1 2 2 2h5.02zM12 2H8c0-1 1-2 2-2s2 1 2 2zM7 17v2h10v-2H7zm-4-5v2h2v-2H3zm0-5v2h2V7H3zm0 10v2h2v-2H3zm4-5v2h10v-2H7zm0-5v2h10V7H7z"></path><path id="asda_fav_list_2" d="M24 21c-1.818-1.8-10-7.65-10-12.6C14 5.7 15.818 3 19 3c2 0 4 .82 5 3.295C25 3.82 27 3 29 3c3.182 0 5 2.7 5 5.4 0 4.95-8.182 10.8-10 12.6z"></path></defs><g class="asda-icon__draw" fill="none" fill-rule="evenodd"><use fill="#3d3d3d" xlink:href="#asda_fav_list_1"></use><use class="asda-icon__draw" fill="#FFF" stroke="#3d3d3d" stroke-width="1.9" xlink:href="#asda_fav_list_2"></use></g></svg></span></button></div></div><div class="co-item__volume-container co-item__items"><span class="co-product__volume co-item__volume">150ml     </span></div></div></div><div class="co-item__col2 co-item__col2--rest-in-shelf"><div class="co-item__title-container co-item__title-container--rest-in-shelf"><h3 class="co-product__title"><a class="co-product__anchor" data-auto-id="linkProductTitle" href="/product/soy-sauce-fish-sauce/asda-light-soy-sauce-150-ml/1000383182086" data-di-id="di-id-da561fed-d3f806a">ASDA Light Soy Sauce 150ml</a></h3></div><div class="co-item__rating-container"><button type="button" data-auto-id="linkProductRating" class="asda-link asda-link--primary asda-link--button co-product__rating" aria-disabled="false" aria-label="4.4 stars out of 5 based on 40 reviews, you will be taken to the reviews on clicking this" data-di-id="di-id-f9fe053c-b83849ce"><div class="rating-stars"><div style="width: 88%;" class="rating-stars__stars rating-stars__stars--top" aria-hidden="true"><span aria-hidden="true">★</span><span aria-hidden="true">★</span><span aria-hidden="true">★</span><span aria-hidden="true">★</span><span aria-hidden="true">★</span></div><div class="rating-stars__stars rating-stars__stars--bottom" aria-hidden="true"><span aria-hidden="true">☆</span><span aria-hidden="true">☆</span><span aria-hidden="true">☆</span><span aria-hidden="true">☆</span><span aria-hidden="true">☆</span></div></div><span class="co-product__review-count" aria-hidden="true">(40)</span></button></div><div class="co-item__bundled-item-count-container"></div><div class="co-item__promo-container co-item__promo-container--rest-in-shelf"></div><div class="label-container"><div><ul></ul></div></div></div><div class="co-item__col3 co-item__col3--rest-in-shelf"><div class="co-item__price-container co-item__price-container--rest-in-shelf"><span class="co-item__price-per-uom"><strong class="co-product__price"><span class="co-product__hidden-label"> now </span>£0.64</strong><p class="co-item__price-per-uom-msg"><span class="co-product__price-per-uom">(42.7p/100ml)</span></p></span></div><div class="co-item__quantity-container co-item__quantity-container--rest-in-shelf"><div class="co-item__quantity-container"><div class="quantity-button"><div class="add-button-with-tooltip"><div class="tooltip-wrapper"><button data-auto-id="btnAdd" type="button" class="asda-btn asda-btn--primary asda-btn--fluid add-button" aria-label="Add item ASDA Light Soy Sauce 150ml to cart" data-di-id="di-id-bd5e14ce-b3d9e896">Add</button></div></div></div></div></div></div><div class="co-item__col4"><a class="asda-link asda-link--primary" data-auto-id="linkViewTheShelf" target="_self" href="/shelf/food-cupboard/cooking-sauces-meal-kits-sides/far-eastern-sauces-ingredients/soy-sauce-fish-sauce/1215337189632-1215165877786-1215664046878-1215664270261" data-di-id="di-id-6016855-730f5795">View the shelf</a></div></div></div></li><li class=" co-item co-item--rest-in-shelf " style="order: 55;"><div><div class="co-product"><div class="co-item__col1 co-item__col1--rest-in-shelf"><button type="button" data-auto-id="linkProductImage" class="asda-link asda-link--primary asda-link--button" aria-disabled="false"><div class="thumbnail__image-container co-product__image co-product__image--rest-in-shelf co-item__image"><picture class="asda-image picture"><source type="image/webp" srcset="https://ui.assets-asda.com/dm/asdagroceries/5063089132777?$ProdList2x$=&amp;fmt=webp"><img alt="ASDA Succulent Pork Belly Slices" class="asda-img asda-image thumbnail__image" data-auto-id="" src="https://ui.assets-asda.com/dm/asdagroceries/5063089132777?$ProdList2x$=&amp;fmt=jpg" loading="lazy" title="ASDA Succulent Pork Belly Slices"></picture></div></button><div class="co-item__items-container"><div class="co-item-fsl__favourites-image-container co-item__items" role="presentation" data-auto-id="favouritesAndShoppingList"><div class="context-wrapper"><button data-auto-id="" type="button" class="asda-btn asda-btn--plain asda-btn--icon co-item-fsl__favourites-button" aria-label="options for favourite shopping list" aria-expanded="false"><span role="img" data-auto-id="" class="asda-icon asda-icon--white asda-icon--regular asda-icon--rotate0 co-item-fsl__favourites-image co-item__items"><svg viewBox="0 0 35 23" xmlns="http://www.w3.org/2000/svg" xmlns:xlink="http://www.w3.org/1999/xlink" data-di-res-id="635a64dd-505a6ef6" data-di-rand="1750009195283"><defs><path id="asda_fav_list_1" d="M7.02 2C7 2.344 7 2.685 7 3h6c0-.315 0-.656-.02-1H18c1 0 2 .784 2 1.667v17.667C20 22.167 19 23 18 23H2c-1 0-2-.833-2-1.666V3.667C0 2.833 1 2 2 2h5.02zM12 2H8c0-1 1-2 2-2s2 1 2 2zM7 17v2h10v-2H7zm-4-5v2h2v-2H3zm0-5v2h2V7H3zm0 10v2h2v-2H3zm4-5v2h10v-2H7zm0-5v2h10V7H7z"></path><path id="asda_fav_list_2" d="M24 21c-1.818-1.8-10-7.65-10-12.6C14 5.7 15.818 3 19 3c2 0 4 .82 5 3.295C25 3.82 27 3 29 3c3.182 0 5 2.7 5 5.4 0 4.95-8.182 10.8-10 12.6z"></path></defs><g class="asda-icon__draw" fill="none" fill-rule="evenodd"><use fill="#3d3d3d" xlink:href="#asda_fav_list_1"></use><use class="asda-icon__draw" fill="#FFF" stroke="#3d3d3d" stroke-width="1.9" xlink:href="#asda_fav_list_2"></use></g></svg></span></button></div></div><div class="co-item__volume-container co-item__items"><span class="co-product__volume co-item__volume">500g      </span></div></div></div><div class="co-item__col2 co-item__col2--rest-in-shelf co-item__col2--has-icon-list"><div class="co-item__title-container co-item__title-container--rest-in-shelf"><h3 class="co-product__title"><a class="co-product__anchor" data-auto-id="linkProductTitle" href="/product/pork-belly-ribs/asda-succulent-pork-belly-slices/1000383167288" data-di-id="di-id-da561fed-7656bbf2">ASDA Succulent Pork Belly Slices</a></h3></div><div class="co-item__rating-container"><button type="button" data-auto-id="linkProductRating" class="asda-link asda-link--primary asda-link--button co-product__rating" aria-disabled="false" aria-label="3.84 stars out of 5 based on 50+ reviews, you will be taken to the reviews on clicking this" data-di-id="di-id-f9fe053c-665ea5f8"><div class="rating-stars"><div style="width: 76.8%;" class="rating-stars__stars rating-stars__stars--top" aria-hidden="true"><span aria-hidden="true">★</span><span aria-hidden="true">★</span><span aria-hidden="true">★</span><span aria-hidden="true">★</span><span aria-hidden="true">★</span></div><div class="rating-stars__stars rating-stars__stars--bottom" aria-hidden="true"><span aria-hidden="true">☆</span><span aria-hidden="true">☆</span><span aria-hidden="true">☆</span><span aria-hidden="true">☆</span><span aria-hidden="true">☆</span></div></div><span class="co-product__review-count" aria-hidden="true">(50+)</span></button></div><div class="co-item__bundled-item-count-container"></div><div class="co-item__promo-container co-item__promo-container--rest-in-shelf"></div><div class="label-container"><div><ul><div class="co-item__icon-list-container"><ul class="co-product__promo-icon-list co-item__promo-icon-list co-item__promo-icon-list--list-position"><li class="co-product__promo-icon-item"><div class="co-product__promo-icon-image-cntr"><button data-auto-id="btnPromo" type="button" class="asda-btn asda-btn--plain co-product__promo-icon-button" aria-label="show information on Typically fresh for 5 days"><picture class="asda-image picture"><source srcset="https://ui.assets-asda.com/dm/produce-5-days-icon?$Icon-wapp2x$="><img alt="Typically fresh for 5 days" class="asda-img asda-image co-product__promo-icon-img" data-auto-id="" src="https://ui.assets-asda.com/dm/produce-5-days-icon?$Icon-wapp2x$=" loading="lazy" title="Typically fresh for 5 days"></picture></button></div></li></ul></div></ul></div></div></div><div class="co-item__col3 co-item__col3--rest-in-shelf"><div class="co-item__price-container co-item__price-container--rest-in-shelf"><span class="co-item__price-per-uom"><strong class="co-product__price"><span class="co-product__hidden-label"> now </span>£4.08</strong><p class="co-item__price-per-uom-msg"><span class="co-product__price-per-uom">(£8.16/kg)</span></p></span></div><div class="co-item__quantity-container co-item__quantity-container--rest-in-shelf"><div class="co-item__quantity-container"><div class="quantity-button"><div class="add-button-with-tooltip"><div class="tooltip-wrapper"><button data-auto-id="btnAdd" type="button" class="asda-btn asda-btn--primary asda-btn--fluid add-button" aria-label="Add item ASDA Succulent Pork Belly Slices to cart" data-di-id="di-id-bd5e14ce-b3d9e896">Add</button></div></div></div></div></div></div><div class="co-item__col4"><a class="asda-link asda-link--primary" data-auto-id="linkViewTheShelf" target="_self" href="/shelf/meat-poultry-fish/meat-poultry/pork/pork-belly-ribs/1215135760597-910000975206-910000975676-910000976482" data-di-id="di-id-d9637704-68338944">View the shelf</a></div></div></div></li><li class=" co-item co-item--rest-in-shelf " style="order: 56;"><div><div class="co-product"><div class="co-item__col1 co-item__col1--rest-in-shelf"><button type="button" data-auto-id="linkProductImage" class="asda-link asda-link--primary asda-link--button" aria-disabled="false"><div class="thumbnail__image-container co-product__image co-product__image--rest-in-shelf co-item__image"><picture class="asda-image picture"><source type="image/webp" srcset="https://ui.assets-asda.com/dm/asdagroceries/5000116109463?$ProdList2x$=&amp;fmt=webp"><img alt="Birds Eye 2 Battered Fish Jumbo Fillets 400g" class="asda-img asda-image thumbnail__image" data-auto-id="" src="https://ui.assets-asda.com/dm/asdagroceries/5000116109463?$ProdList2x$=&amp;fmt=jpg" loading="lazy" title="Birds Eye 2 Battered Fish Jumbo Fillets 400g"></picture></div></button><div class="co-item__items-container"><div class="co-item-fsl__favourites-image-container co-item__items" role="presentation" data-auto-id="favouritesAndShoppingList"><div class="context-wrapper"><button data-auto-id="" type="button" class="asda-btn asda-btn--plain asda-btn--icon co-item-fsl__favourites-button" aria-label="options for favourite shopping list" aria-expanded="false"><span role="img" data-auto-id="" class="asda-icon asda-icon--white asda-icon--regular asda-icon--rotate0 co-item-fsl__favourites-image co-item__items"><svg viewBox="0 0 35 23" xmlns="http://www.w3.org/2000/svg" xmlns:xlink="http://www.w3.org/1999/xlink" data-di-res-id="fe8d5c64-a7b0cceb" data-di-rand="1750009195284"><defs><path id="asda_fav_list_1" d="M7.02 2C7 2.344 7 2.685 7 3h6c0-.315 0-.656-.02-1H18c1 0 2 .784 2 1.667v17.667C20 22.167 19 23 18 23H2c-1 0-2-.833-2-1.666V3.667C0 2.833 1 2 2 2h5.02zM12 2H8c0-1 1-2 2-2s2 1 2 2zM7 17v2h10v-2H7zm-4-5v2h2v-2H3zm0-5v2h2V7H3zm0 10v2h2v-2H3zm4-5v2h10v-2H7zm0-5v2h10V7H7z"></path><path id="asda_fav_list_2" d="M24 21c-1.818-1.8-10-7.65-10-12.6C14 5.7 15.818 3 19 3c2 0 4 .82 5 3.295C25 3.82 27 3 29 3c3.182 0 5 2.7 5 5.4 0 4.95-8.182 10.8-10 12.6z"></path></defs><g class="asda-icon__draw" fill="none" fill-rule="evenodd"><use fill="#3d3d3d" xlink:href="#asda_fav_list_1"></use><use class="asda-icon__draw" fill="#FFF" stroke="#3d3d3d" stroke-width="1.9" xlink:href="#asda_fav_list_2"></use></g></svg></span></button></div></div><div class="co-item__volume-container co-item__items"><span class="co-product__volume co-item__volume">400g      </span></div></div></div><div class="co-item__col2 co-item__col2--rest-in-shelf co-item__col2--has-icon-list"><div class="co-item__title-container co-item__title-container--rest-in-shelf"><h3 class="co-product__title"><a class="co-product__anchor" data-auto-id="linkProductTitle" href="/product/battered-breaded-fish/birds-eye-2-battered-fish-jumbo-fillets-400-g/1000383267614" data-di-id="di-id-8a261c0e-ecdca6fe">Birds Eye 2 Battered Fish Jumbo Fillets 400g</a></h3></div><div class="co-item__rating-container"><button type="button" data-auto-id="linkProductRating" class="asda-link asda-link--primary asda-link--button co-product__rating" aria-disabled="false" aria-label="4.4 stars out of 5 based on 25 reviews, you will be taken to the reviews on clicking this" data-di-id="di-id-f9fe053c-c1c2c139"><div class="rating-stars"><div style="width: 88%;" class="rating-stars__stars rating-stars__stars--top" aria-hidden="true"><span aria-hidden="true">★</span><span aria-hidden="true">★</span><span aria-hidden="true">★</span><span aria-hidden="true">★</span><span aria-hidden="true">★</span></div><div class="rating-stars__stars rating-stars__stars--bottom" aria-hidden="true"><span aria-hidden="true">☆</span><span aria-hidden="true">☆</span><span aria-hidden="true">☆</span><span aria-hidden="true">☆</span><span aria-hidden="true">☆</span></div></div><span class="co-product__review-count" aria-hidden="true">(25)</span></button></div><div class="co-item__bundled-item-count-container"></div><div class="co-item__promo-container co-item__promo-container--rest-in-shelf"></div><div class="label-container"><div><ul><div class="co-item__icon-list-container"><ul class="co-product__promo-icon-list co-item__promo-icon-list co-item__promo-icon-list--list-position"><li class="co-product__promo-icon-item"><div class="co-product__promo-icon-image-cntr"><button data-auto-id="btnPromo" type="button" class="asda-btn asda-btn--plain co-product__promo-icon-button" aria-label="show information on Frozen"><picture class="asda-image picture"><source srcset="https://ui.assets-asda.com/dm/_046_frozen?$Icon-wapp2x$="><img alt="Frozen" class="asda-img asda-image co-product__promo-icon-img" data-auto-id="" src="https://ui.assets-asda.com/dm/_046_frozen?$Icon-wapp2x$=" loading="lazy" title="Frozen"></picture></button></div></li></ul></div></ul></div></div></div><div class="co-item__col3 co-item__col3--rest-in-shelf"><div class="co-item__price-container co-item__price-container--rest-in-shelf"><span class="co-item__price-per-uom"><strong class="co-product__price"><span class="co-product__hidden-label"> now </span>£2.00</strong><p class="co-item__price-per-uom-msg"><span class="co-product__price-per-uom">(£5.00/kg)</span></p></span></div><div class="co-item__quantity-container co-item__quantity-container--rest-in-shelf"><div class="unavailable-banner unavailable-banner--rest-in-shelf"><span data-auto-id="" class="asda-pill asda-pill--light unavailable-banner__product-status unavailable-banner__product-status--rest-in-shelf">ITEM UNAVAILABLE</span></div></div></div><div class="co-item__col4"><a class="asda-link asda-link--primary" data-auto-id="linkViewTheShelf" target="_self" href="/shelf/frozen-food/chicken-meat-fish/frozen-fish/battered-breaded-fish/1215338621416-1215666947082-1215685961757-910000977050" data-di-id="di-id-85340ba2-5a4e7c17">View the shelf</a></div></div></div></li><li class=" co-item co-item--rest-in-shelf " style="order: 57;"><div><div class="co-product"><div class="co-item__col1 co-item__col1--rest-in-shelf"><button type="button" data-auto-id="linkProductImage" class="asda-link asda-link--primary asda-link--button" aria-disabled="false"><div class="thumbnail__image-container co-product__image co-product__image--rest-in-shelf co-item__image"><picture class="asda-image picture"><source type="image/webp" srcset="https://ui.assets-asda.com/dm/asdagroceries/5060699971260?$ProdList2x$=&amp;fmt=webp"><img alt="Leon 6 Chunky Fish Fingers Lightly Battered 390g" class="asda-img asda-image thumbnail__image" data-auto-id="" src="https://ui.assets-asda.com/dm/asdagroceries/5060699971260?$ProdList2x$=&amp;fmt=jpg" loading="lazy" title="Leon 6 Chunky Fish Fingers Lightly Battered 390g"></picture></div></button><div class="co-item__items-container"><div class="co-item-fsl__favourites-image-container co-item__items" role="presentation" data-auto-id="favouritesAndShoppingList"><div class="context-wrapper"><button data-auto-id="" type="button" class="asda-btn asda-btn--plain asda-btn--icon co-item-fsl__favourites-button" aria-label="options for favourite shopping list" aria-expanded="false"><span role="img" data-auto-id="" class="asda-icon asda-icon--white asda-icon--regular asda-icon--rotate0 co-item-fsl__favourites-image co-item__items"><svg viewBox="0 0 35 23" xmlns="http://www.w3.org/2000/svg" xmlns:xlink="http://www.w3.org/1999/xlink" data-di-res-id="fe8d5c64-1e660311" data-di-rand="1750009195284"><defs><path id="asda_fav_list_1" d="M7.02 2C7 2.344 7 2.685 7 3h6c0-.315 0-.656-.02-1H18c1 0 2 .784 2 1.667v17.667C20 22.167 19 23 18 23H2c-1 0-2-.833-2-1.666V3.667C0 2.833 1 2 2 2h5.02zM12 2H8c0-1 1-2 2-2s2 1 2 2zM7 17v2h10v-2H7zm-4-5v2h2v-2H3zm0-5v2h2V7H3zm0 10v2h2v-2H3zm4-5v2h10v-2H7zm0-5v2h10V7H7z"></path><path id="asda_fav_list_2" d="M24 21c-1.818-1.8-10-7.65-10-12.6C14 5.7 15.818 3 19 3c2 0 4 .82 5 3.295C25 3.82 27 3 29 3c3.182 0 5 2.7 5 5.4 0 4.95-8.182 10.8-10 12.6z"></path></defs><g class="asda-icon__draw" fill="none" fill-rule="evenodd"><use fill="#3d3d3d" xlink:href="#asda_fav_list_1"></use><use class="asda-icon__draw" fill="#FFF" stroke="#3d3d3d" stroke-width="1.9" xlink:href="#asda_fav_list_2"></use></g></svg></span></button></div></div><div class="co-item__volume-container co-item__items"><span class="co-product__volume co-item__volume">390g      </span></div></div></div><div class="co-item__col2 co-item__col2--rest-in-shelf co-item__col2--has-icon-list"><div class="co-item__title-container co-item__title-container--rest-in-shelf"><h3 class="co-product__title"><a class="co-product__anchor" data-auto-id="linkProductTitle" href="/product/fish-fingers-shapes/leon-6-chunky-fish-fingers-lightly-battered-390-g/1000383267726" data-di-id="di-id-8b3bf486-308a09b8">Leon 6 Chunky Fish Fingers Lightly Battered 390g</a></h3></div><div class="co-item__rating-container"><button type="button" data-auto-id="linkProductRating" class="asda-link asda-link--primary asda-link--button co-product__rating" aria-disabled="false" aria-label="3.33 stars out of 5 based on 3 reviews, you will be taken to the reviews on clicking this" data-di-id="di-id-48b023cf-cd165a82"><div class="rating-stars"><div style="width: 66.6%;" class="rating-stars__stars rating-stars__stars--top" aria-hidden="true"><span aria-hidden="true">★</span><span aria-hidden="true">★</span><span aria-hidden="true">★</span><span aria-hidden="true">★</span><span aria-hidden="true">★</span></div><div class="rating-stars__stars rating-stars__stars--bottom" aria-hidden="true"><span aria-hidden="true">☆</span><span aria-hidden="true">☆</span><span aria-hidden="true">☆</span><span aria-hidden="true">☆</span><span aria-hidden="true">☆</span></div></div><span class="co-product__review-count" aria-hidden="true">(3)</span></button></div><div class="co-item__bundled-item-count-container"></div><div class="co-item__promo-container co-item__promo-container--rest-in-shelf"></div><div class="label-container"><div><ul><div class="co-item__icon-list-container"><ul class="co-product__promo-icon-list co-item__promo-icon-list co-item__promo-icon-list--list-position"><li class="co-product__promo-icon-item"><div class="co-product__promo-icon-image-cntr"><button data-auto-id="btnPromo" type="button" class="asda-btn asda-btn--plain co-product__promo-icon-button" aria-label="show information on Frozen"><picture class="asda-image picture"><source srcset="https://ui.assets-asda.com/dm/_046_frozen?$Icon-wapp2x$="><img alt="Frozen" class="asda-img asda-image co-product__promo-icon-img" data-auto-id="" src="https://ui.assets-asda.com/dm/_046_frozen?$Icon-wapp2x$=" loading="lazy" title="Frozen"></picture></button></div></li><li class="co-product__promo-icon-item"><div class="co-product__promo-icon-image-cntr"><button data-auto-id="btnPromo" type="button" class="asda-btn asda-btn--plain co-product__promo-icon-button" aria-label="show information on Follow Air Fryer Manufacturer’s Instructions for Cooking Guidelines."><picture class="asda-image picture"><source srcset="https://ui.assets-asda.com/dm/Air-Fryer-Online-Icon?$Icon-wapp$=&amp;$Icon-wapp2x$="><img alt="Follow Air Fryer Manufacturer’s Instructions for Cooking Guidelines." class="asda-img asda-image co-product__promo-icon-img" data-auto-id="" src="https://ui.assets-asda.com/dm/Air-Fryer-Online-Icon?$Icon-wapp$=&amp;$Icon-wapp2x$=" loading="lazy" title="Follow Air Fryer Manufacturer’s Instructions for Cooking Guidelines."></picture></button></div></li></ul></div></ul></div></div></div><div class="co-item__col3 co-item__col3--rest-in-shelf"><div class="co-item__price-container co-item__price-container--rest-in-shelf"><span class="co-item__price-per-uom"><strong class="co-product__price"><span class="co-product__hidden-label"> now </span>£4.74</strong><p class="co-item__price-per-uom-msg"><span class="co-product__price-per-uom">(£12.15/kg)</span></p></span></div><div class="co-item__quantity-container co-item__quantity-container--rest-in-shelf"><div class="co-item__quantity-container"><div class="quantity-button"><div class="add-button-with-tooltip"><div class="tooltip-wrapper"><button data-auto-id="btnAdd" type="button" class="asda-btn asda-btn--primary asda-btn--fluid add-button" aria-label="Add item Leon 6 Chunky Fish Fingers Lightly Battered 390g to cart" data-di-id="di-id-bd5e14ce-b3d9e896">Add</button></div></div></div></div></div></div><div class="co-item__col4"><a class="asda-link asda-link--primary" data-auto-id="linkViewTheShelf" target="_self" href="/shelf/frozen-food/chicken-meat-fish/frozen-fish/fish-fingers-shapes/1215338621416-1215666947082-1215685961757-910001112636" data-di-id="di-id-5e510a12-5c954c41">View the shelf</a></div></div></div></li><li class=" co-item co-item--rest-in-shelf " style="order: 58;"><div><div class="co-product"><div class="co-item__col1 co-item__col1--rest-in-shelf"><button type="button" data-auto-id="linkProductImage" class="asda-link asda-link--primary asda-link--button" aria-disabled="false"><div class="thumbnail__image-container co-product__image co-product__image--rest-in-shelf co-item__image"><picture class="asda-image picture"><source type="image/webp" srcset="https://ui.assets-asda.com/dm/asdagroceries/5055946000855?$ProdList2x$=&amp;fmt=webp"><img alt="MOWI Superior Scottish Smoked Salmon 100g" class="asda-img asda-image thumbnail__image" data-auto-id="" src="https://ui.assets-asda.com/dm/asdagroceries/5055946000855?$ProdList2x$=&amp;fmt=jpg" loading="lazy" title="MOWI Superior Scottish Smoked Salmon 100g"></picture></div></button><div class="co-item__items-container"><div class="co-item-fsl__favourites-image-container co-item__items" role="presentation" data-auto-id="favouritesAndShoppingList"><div class="context-wrapper"><button data-auto-id="" type="button" class="asda-btn asda-btn--plain asda-btn--icon co-item-fsl__favourites-button" aria-label="options for favourite shopping list" aria-expanded="false"><span role="img" data-auto-id="" class="asda-icon asda-icon--white asda-icon--regular asda-icon--rotate0 co-item-fsl__favourites-image co-item__items"><svg viewBox="0 0 35 23" xmlns="http://www.w3.org/2000/svg" xmlns:xlink="http://www.w3.org/1999/xlink" data-di-res-id="562d6290-a15c33aa" data-di-rand="1750009195284"><defs><path id="asda_fav_list_1" d="M7.02 2C7 2.344 7 2.685 7 3h6c0-.315 0-.656-.02-1H18c1 0 2 .784 2 1.667v17.667C20 22.167 19 23 18 23H2c-1 0-2-.833-2-1.666V3.667C0 2.833 1 2 2 2h5.02zM12 2H8c0-1 1-2 2-2s2 1 2 2zM7 17v2h10v-2H7zm-4-5v2h2v-2H3zm0-5v2h2V7H3zm0 10v2h2v-2H3zm4-5v2h10v-2H7zm0-5v2h10V7H7z"></path><path id="asda_fav_list_2" d="M24 21c-1.818-1.8-10-7.65-10-12.6C14 5.7 15.818 3 19 3c2 0 4 .82 5 3.295C25 3.82 27 3 29 3c3.182 0 5 2.7 5 5.4 0 4.95-8.182 10.8-10 12.6z"></path></defs><g class="asda-icon__draw" fill="none" fill-rule="evenodd"><use fill="#3d3d3d" xlink:href="#asda_fav_list_1"></use><use class="asda-icon__draw" fill="#FFF" stroke="#3d3d3d" stroke-width="1.9" xlink:href="#asda_fav_list_2"></use></g></svg></span></button></div></div><div class="co-item__volume-container co-item__items"><span class="co-product__volume co-item__volume">100g      </span></div></div></div><div class="co-item__col2 co-item__col2--rest-in-shelf co-item__col2--has-icon-list"><div class="co-item__title-container co-item__title-container--rest-in-shelf"><h3 class="co-product__title"><a class="co-product__anchor" data-auto-id="linkProductTitle" href="/product/salmon/mowi-superior-scottish-smoked-salmon-100-g/1000383155458" data-di-id="di-id-d90366b3-1f088c90">MOWI Superior Scottish Smoked Salmon 100g</a></h3></div><div class="co-item__rating-container"><button type="button" data-auto-id="linkProductRating" class="asda-link asda-link--primary asda-link--button co-product__rating" aria-disabled="false" aria-label="3.84 stars out of 5 based on 25 reviews, you will be taken to the reviews on clicking this" data-di-id="di-id-f9fe053c-c1c2c139"><div class="rating-stars"><div style="width: 76.8%;" class="rating-stars__stars rating-stars__stars--top" aria-hidden="true"><span aria-hidden="true">★</span><span aria-hidden="true">★</span><span aria-hidden="true">★</span><span aria-hidden="true">★</span><span aria-hidden="true">★</span></div><div class="rating-stars__stars rating-stars__stars--bottom" aria-hidden="true"><span aria-hidden="true">☆</span><span aria-hidden="true">☆</span><span aria-hidden="true">☆</span><span aria-hidden="true">☆</span><span aria-hidden="true">☆</span></div></div><span class="co-product__review-count" aria-hidden="true">(25)</span></button></div><div class="co-item__bundled-item-count-container"></div><div class="co-item__promo-container co-item__promo-container--rest-in-shelf"></div><div class="label-container"><div><ul><div class="co-item__icon-list-container"><ul class="co-product__promo-icon-list co-item__promo-icon-list co-item__promo-icon-list--list-position"><li class="co-product__promo-icon-item"><div class="co-product__promo-icon-image-cntr"><button data-auto-id="btnPromo" type="button" class="asda-btn asda-btn--plain co-product__promo-icon-button" aria-label="show information on Great Taste of Scotland"><picture class="asda-image picture"><source srcset="https://ui.assets-asda.com/dm/_021_scottish?$Icon-wapp2x$="><img alt="Great Taste of Scotland" class="asda-img asda-image co-product__promo-icon-img" data-auto-id="" src="https://ui.assets-asda.com/dm/_021_scottish?$Icon-wapp2x$=" loading="lazy" title="Great Taste of Scotland"></picture></button></div></li></ul></div></ul></div></div></div><div class="co-item__col3 co-item__col3--rest-in-shelf"><div class="co-item__price-container co-item__price-container--rest-in-shelf"><span class="co-item__price-per-uom"><strong class="co-product__price"><span class="co-product__hidden-label"> now </span>£5.64</strong><p class="co-item__price-per-uom-msg"><span class="co-product__price-per-uom">(£56.40/kg)</span></p></span></div><div class="co-item__quantity-container co-item__quantity-container--rest-in-shelf"><div class="co-item__quantity-container"><div class="quantity-button"><div class="add-button-with-tooltip"><div class="tooltip-wrapper"><button data-auto-id="btnAdd" type="button" class="asda-btn asda-btn--primary asda-btn--fluid add-button" aria-label="Add item MOWI Superior Scottish Smoked Salmon 100g to cart" data-di-id="di-id-bd5e14ce-b3d9e896">Add</button></div></div></div></div></div></div><div class="co-item__col4"><a class="asda-link asda-link--primary" data-auto-id="linkViewTheShelf" target="_self" href="/aisle/meat-poultry-fish/fish-seafood/salmon/1215135760597-1215337195095-1215685901159" data-di-id="di-id-9404a7e0-69a8840c">View the shelf</a></div></div></div></li><li class=" co-item co-item--rest-in-shelf " style="order: 59;"><div><div class="co-product"><div class="co-item__col1 co-item__col1--rest-in-shelf"><button type="button" data-auto-id="linkProductImage" class="asda-link asda-link--primary asda-link--button" aria-disabled="false"><div class="thumbnail__image-container co-product__image co-product__image--rest-in-shelf co-item__image"><picture class="asda-image picture"><source type="image/webp" srcset="https://ui.assets-asda.com/dm/asdagroceries/5063089483039?$ProdList2x$=&amp;fmt=webp"><img alt="Exceptional by ASDA Fish Pie Fishcakes 290g" class="asda-img asda-image thumbnail__image" data-auto-id="" src="https://ui.assets-asda.com/dm/asdagroceries/5063089483039?$ProdList2x$=&amp;fmt=jpg" loading="lazy" title="Exceptional by ASDA Fish Pie Fishcakes 290g"></picture></div></button><div class="co-item__items-container"><div class="co-item-fsl__favourites-image-container co-item__items" role="presentation" data-auto-id="favouritesAndShoppingList"><div class="context-wrapper"><button data-auto-id="" type="button" class="asda-btn asda-btn--plain asda-btn--icon co-item-fsl__favourites-button" aria-label="options for favourite shopping list" aria-expanded="false"><span role="img" data-auto-id="" class="asda-icon asda-icon--white asda-icon--regular asda-icon--rotate0 co-item-fsl__favourites-image co-item__items"><svg viewBox="0 0 35 23" xmlns="http://www.w3.org/2000/svg" xmlns:xlink="http://www.w3.org/1999/xlink" data-di-res-id="fe8d5c64-932049be" data-di-rand="1750009195285"><defs><path id="asda_fav_list_1" d="M7.02 2C7 2.344 7 2.685 7 3h6c0-.315 0-.656-.02-1H18c1 0 2 .784 2 1.667v17.667C20 22.167 19 23 18 23H2c-1 0-2-.833-2-1.666V3.667C0 2.833 1 2 2 2h5.02zM12 2H8c0-1 1-2 2-2s2 1 2 2zM7 17v2h10v-2H7zm-4-5v2h2v-2H3zm0-5v2h2V7H3zm0 10v2h2v-2H3zm4-5v2h10v-2H7zm0-5v2h10V7H7z"></path><path id="asda_fav_list_2" d="M24 21c-1.818-1.8-10-7.65-10-12.6C14 5.7 15.818 3 19 3c2 0 4 .82 5 3.295C25 3.82 27 3 29 3c3.182 0 5 2.7 5 5.4 0 4.95-8.182 10.8-10 12.6z"></path></defs><g class="asda-icon__draw" fill="none" fill-rule="evenodd"><use fill="#3d3d3d" xlink:href="#asda_fav_list_1"></use><use class="asda-icon__draw" fill="#FFF" stroke="#3d3d3d" stroke-width="1.9" xlink:href="#asda_fav_list_2"></use></g></svg></span></button></div></div><div class="co-item__volume-container co-item__items"><span class="co-product__volume co-item__volume">290g      </span></div></div><div class="link-save-banner"><a class="link-save-banner-large__anchor link-save-banner-large__anchor--hyperlink" data-auto-id="linkPromoDetail" href="/promotion/any-2-for-4.98/ls94955" data-di-id="di-id-cde0763d-e70becc5"><div class="link-save-banner-large__meat-sticker"><span class="link-save-banner-large__config link-save-banner-large__config--block link-save-banner-large__config--font-normal link-save-banner-large__config--center link-save-banner-large__config--height-normal">Any 2 for </span><span class="link-save-banner-large__config link-save-banner-large__config--block link-save-banner-large__config--font-huge link-save-banner-large__config--up-small">£4.98</span><span class="link-save-banner-large__view-all">View all</span></div></a></div></div><div class="co-item__col2 co-item__col2--rest-in-shelf co-item__col2--has-icon-list"><div class="co-item__title-container co-item__title-container--rest-in-shelf"><h3 class="co-product__title"><a class="co-product__anchor" data-auto-id="linkProductTitle" href="/product/breaded-fish-fishcakes/exceptional-by-asda-fish-pie-fishcakes-290-g/1000383229685" data-di-id="di-id-8a261c0e-1c86dfe3">Exceptional by ASDA Fish Pie Fishcakes 290g</a></h3></div><div class="co-item__rating-container"><button type="button" data-auto-id="linkProductRating" class="asda-link asda-link--primary asda-link--button co-product__rating" aria-disabled="false" aria-label="3.5 stars out of 5 based on 16 reviews, you will be taken to the reviews on clicking this" data-di-id="di-id-f9fe053c-e8a92ca3"><div class="rating-stars"><div style="width: 70%;" class="rating-stars__stars rating-stars__stars--top" aria-hidden="true"><span aria-hidden="true">★</span><span aria-hidden="true">★</span><span aria-hidden="true">★</span><span aria-hidden="true">★</span><span aria-hidden="true">★</span></div><div class="rating-stars__stars rating-stars__stars--bottom" aria-hidden="true"><span aria-hidden="true">☆</span><span aria-hidden="true">☆</span><span aria-hidden="true">☆</span><span aria-hidden="true">☆</span><span aria-hidden="true">☆</span></div></div><span class="co-product__review-count" aria-hidden="true">(16)</span></button></div><div class="co-item__bundled-item-count-container"></div><div class="co-item__promo-container co-item__promo-container--rest-in-shelf"></div><div class="label-container"><div><ul><div class="co-item__icon-list-container"><ul class="co-product__promo-icon-list co-item__promo-icon-list co-item__promo-icon-list--list-position"><li class="co-product__promo-icon-item"><div class="co-product__promo-icon-image-cntr"><button data-auto-id="btnPromo" type="button" class="asda-btn asda-btn--plain co-product__promo-icon-button" aria-label="show information on Typically fresh for 4 days"><picture class="asda-image picture"><source srcset="https://ui.assets-asda.com/dm/produce-4-days-icon?$Icon-wapp2x$="><img alt="Typically fresh for 4 days" class="asda-img asda-image co-product__promo-icon-img" data-auto-id="" src="https://ui.assets-asda.com/dm/produce-4-days-icon?$Icon-wapp2x$=" loading="lazy" title="Typically fresh for 4 days"></picture></button></div></li></ul></div></ul></div></div></div><div class="co-item__col3 co-item__col3--rest-in-shelf"><div class="co-item__price-container co-item__price-container--rest-in-shelf"><span class="co-item__price-per-uom"><strong class="co-product__price"><span class="co-product__hidden-label"> now </span>£2.83</strong><p class="co-item__price-per-uom-msg"><span class="co-product__price-per-uom">(£9.76/kg)</span></p></span></div><div class="co-item__quantity-container co-item__quantity-container--rest-in-shelf"><div class="co-item__quantity-container"><div class="quantity-button"><div class="add-button-with-tooltip"><div class="tooltip-wrapper"><button data-auto-id="btnAdd" type="button" class="asda-btn asda-btn--primary asda-btn--fluid add-button" aria-label="Add item Exceptional by ASDA Fish Pie Fishcakes 290g to cart" data-di-id="di-id-bd5e14ce-b3d9e896">Add</button></div></div></div></div></div></div><div class="co-item__col4"><a class="asda-link asda-link--primary" data-auto-id="linkViewTheShelf" target="_self" href="/aisle/meat-poultry-fish/fish-seafood/breaded-fish-fishcakes/1215135760597-1215337195095-1215685462261" data-di-id="di-id-b88f03a4-60fdf865">View the shelf</a></div></div></div></li><li class=" co-item co-item--rest-in-shelf " style="order: 60;"><div><div class="co-product"><div class="co-item__col1 co-item__col1--rest-in-shelf"><button type="button" data-auto-id="linkProductImage" class="asda-link asda-link--primary asda-link--button" aria-disabled="false"><div class="thumbnail__image-container co-product__image co-product__image--rest-in-shelf co-item__image"><picture class="asda-image picture"><source type="image/webp" srcset="https://ui.assets-asda.com/dm/asdagroceries/5000116128945?$ProdList2x$=&amp;fmt=webp"><img alt="Birds Eye 32 Cod Fish Fingers 896g" class="asda-img asda-image thumbnail__image" data-auto-id="" src="https://ui.assets-asda.com/dm/asdagroceries/5000116128945?$ProdList2x$=&amp;fmt=jpg" loading="lazy" title="Birds Eye 32 Cod Fish Fingers 896g"></picture></div></button><div class="co-item__items-container"><div class="co-item-fsl__favourites-image-container co-item__items" role="presentation" data-auto-id="favouritesAndShoppingList"><div class="context-wrapper"><button data-auto-id="" type="button" class="asda-btn asda-btn--plain asda-btn--icon co-item-fsl__favourites-button" aria-label="options for favourite shopping list" aria-expanded="false"><span role="img" data-auto-id="" class="asda-icon asda-icon--white asda-icon--regular asda-icon--rotate0 co-item-fsl__favourites-image co-item__items"><svg viewBox="0 0 35 23" xmlns="http://www.w3.org/2000/svg" xmlns:xlink="http://www.w3.org/1999/xlink" data-di-res-id="46313b01-85a34da6" data-di-rand="1750009195285"><defs><path id="asda_fav_list_1" d="M7.02 2C7 2.344 7 2.685 7 3h6c0-.315 0-.656-.02-1H18c1 0 2 .784 2 1.667v17.667C20 22.167 19 23 18 23H2c-1 0-2-.833-2-1.666V3.667C0 2.833 1 2 2 2h5.02zM12 2H8c0-1 1-2 2-2s2 1 2 2zM7 17v2h10v-2H7zm-4-5v2h2v-2H3zm0-5v2h2V7H3zm0 10v2h2v-2H3zm4-5v2h10v-2H7zm0-5v2h10V7H7z"></path><path id="asda_fav_list_2" d="M24 21c-1.818-1.8-10-7.65-10-12.6C14 5.7 15.818 3 19 3c2 0 4 .82 5 3.295C25 3.82 27 3 29 3c3.182 0 5 2.7 5 5.4 0 4.95-8.182 10.8-10 12.6z"></path></defs><g class="asda-icon__draw" fill="none" fill-rule="evenodd"><use fill="#3d3d3d" xlink:href="#asda_fav_list_1"></use><use class="asda-icon__draw" fill="#FFF" stroke="#3d3d3d" stroke-width="1.9" xlink:href="#asda_fav_list_2"></use></g></svg></span></button></div></div><div class="co-item__volume-container co-item__items"><span class="co-product__volume co-item__volume">896g      </span></div></div></div><div class="co-item__col2 co-item__col2--rest-in-shelf co-item__col2--has-icon-list"><div class="co-item__title-container co-item__title-container--rest-in-shelf"><h3 class="co-product__title"><a class="co-product__anchor" data-auto-id="linkProductTitle" href="/product/fish-fingers-shapes/birds-eye-32-cod-fish-fingers-896-g/1000383225055" data-di-id="di-id-c8089756-41f4224c">Birds Eye 32 Cod Fish Fingers 896g</a></h3></div><div class="co-item__rating-container"><button type="button" data-auto-id="linkProductRating" class="asda-link asda-link--primary asda-link--button co-product__rating" aria-disabled="false" aria-label="4.57 stars out of 5 based on 50+ reviews, you will be taken to the reviews on clicking this" data-di-id="di-id-f9fe053c-665ea5f8"><div class="rating-stars"><div style="width: 91.4%;" class="rating-stars__stars rating-stars__stars--top" aria-hidden="true"><span aria-hidden="true">★</span><span aria-hidden="true">★</span><span aria-hidden="true">★</span><span aria-hidden="true">★</span><span aria-hidden="true">★</span></div><div class="rating-stars__stars rating-stars__stars--bottom" aria-hidden="true"><span aria-hidden="true">☆</span><span aria-hidden="true">☆</span><span aria-hidden="true">☆</span><span aria-hidden="true">☆</span><span aria-hidden="true">☆</span></div></div><span class="co-product__review-count" aria-hidden="true">(50+)</span></button></div><div class="co-item__bundled-item-count-container"></div><div class="co-item__promo-container co-item__promo-container--rest-in-shelf"></div><div class="label-container"><div><ul><div class="co-item__icon-list-container"><ul class="co-product__promo-icon-list co-item__promo-icon-list co-item__promo-icon-list--list-position"><li class="co-product__promo-icon-item"><div class="co-product__promo-icon-image-cntr"><button data-auto-id="btnPromo" type="button" class="asda-btn asda-btn--plain co-product__promo-icon-button" aria-label="show information on Frozen"><picture class="asda-image picture"><source srcset="https://ui.assets-asda.com/dm/_046_frozen?$Icon-wapp2x$="><img alt="Frozen" class="asda-img asda-image co-product__promo-icon-img" data-auto-id="" src="https://ui.assets-asda.com/dm/_046_frozen?$Icon-wapp2x$=" loading="lazy" title="Frozen"></picture></button></div></li></ul></div></ul></div></div></div><div class="co-item__col3 co-item__col3--rest-in-shelf"><div class="co-item__price-container co-item__price-container--rest-in-shelf"><span class="co-item__price-per-uom"><strong class="co-product__price"><span class="co-product__hidden-label"> now </span>£8.48</strong><p class="co-item__price-per-uom-msg"><span class="co-product__price-per-uom">(£9.46/kg)</span></p></span></div><div class="co-item__quantity-container co-item__quantity-container--rest-in-shelf"><div class="co-item__quantity-container"><div class="quantity-button"><div class="add-button-with-tooltip"><div class="tooltip-wrapper"><button data-auto-id="btnAdd" type="button" class="asda-btn asda-btn--primary asda-btn--fluid add-button" aria-label="Add item Birds Eye 32 Cod Fish Fingers 896g to cart" data-di-id="di-id-bd5e14ce-b3d9e896">Add</button></div></div></div></div></div></div><div class="co-item__col4"><a class="asda-link asda-link--primary" data-auto-id="linkViewTheShelf" target="_self" href="/shelf/frozen-food/chicken-meat-fish/frozen-fish/fish-fingers-shapes/1215338621416-1215666947082-1215685961757-910001112636" data-di-id="di-id-5e510a12-5c954c41">View the shelf</a></div></div></div></li><li class=" co-item co-item--rest-in-shelf " style="order: 61;"><div><div class="co-product"><div class="co-item__col1 co-item__col1--rest-in-shelf"><button type="button" data-auto-id="linkProductImage" class="asda-link asda-link--primary asda-link--button" aria-disabled="false"><div class="thumbnail__image-container co-product__image co-product__image--rest-in-shelf co-item__image"><picture class="asda-image picture"><source type="image/webp" srcset="https://ui.assets-asda.com/dm/asdagroceries/5000116128914?$ProdList2x$=&amp;fmt=webp"><img alt="Birds Eye 18 Cod Fish Fingers 504g" class="asda-img asda-image thumbnail__image" data-auto-id="" src="https://ui.assets-asda.com/dm/asdagroceries/5000116128914?$ProdList2x$=&amp;fmt=jpg" loading="lazy" title="Birds Eye 18 Cod Fish Fingers 504g"></picture></div></button><div class="co-item__items-container"><div class="co-item-fsl__favourites-image-container co-item__items" role="presentation" data-auto-id="favouritesAndShoppingList"><div class="context-wrapper"><button data-auto-id="" type="button" class="asda-btn asda-btn--plain asda-btn--icon co-item-fsl__favourites-button" aria-label="options for favourite shopping list" aria-expanded="false"><span role="img" data-auto-id="" class="asda-icon asda-icon--white asda-icon--regular asda-icon--rotate0 co-item-fsl__favourites-image co-item__items"><svg viewBox="0 0 35 23" xmlns="http://www.w3.org/2000/svg" xmlns:xlink="http://www.w3.org/1999/xlink" data-di-res-id="57ef08a7-f71c9508" data-di-rand="1750009195285"><defs><path id="asda_fav_list_1" d="M7.02 2C7 2.344 7 2.685 7 3h6c0-.315 0-.656-.02-1H18c1 0 2 .784 2 1.667v17.667C20 22.167 19 23 18 23H2c-1 0-2-.833-2-1.666V3.667C0 2.833 1 2 2 2h5.02zM12 2H8c0-1 1-2 2-2s2 1 2 2zM7 17v2h10v-2H7zm-4-5v2h2v-2H3zm0-5v2h2V7H3zm0 10v2h2v-2H3zm4-5v2h10v-2H7zm0-5v2h10V7H7z"></path><path id="asda_fav_list_2" d="M24 21c-1.818-1.8-10-7.65-10-12.6C14 5.7 15.818 3 19 3c2 0 4 .82 5 3.295C25 3.82 27 3 29 3c3.182 0 5 2.7 5 5.4 0 4.95-8.182 10.8-10 12.6z"></path></defs><g class="asda-icon__draw" fill="none" fill-rule="evenodd"><use fill="#3d3d3d" xlink:href="#asda_fav_list_1"></use><use class="asda-icon__draw" fill="#FFF" stroke="#3d3d3d" stroke-width="1.9" xlink:href="#asda_fav_list_2"></use></g></svg></span></button></div></div><div class="co-item__volume-container co-item__items"><span class="co-product__volume co-item__volume">504g      </span></div></div></div><div class="co-item__col2 co-item__col2--rest-in-shelf co-item__col2--has-icon-list"><div class="co-item__title-container co-item__title-container--rest-in-shelf"><h3 class="co-product__title"><a class="co-product__anchor" data-auto-id="linkProductTitle" href="/product/fish-fingers-shapes/birds-eye-18-cod-fish-fingers-504-g/1000383225076" data-di-id="di-id-c8089756-39b7b5fb">Birds Eye 18 Cod Fish Fingers 504g</a></h3></div><div class="co-item__rating-container"><button type="button" data-auto-id="linkProductRating" class="asda-link asda-link--primary asda-link--button co-product__rating" aria-disabled="false" aria-label="4.55 stars out of 5 based on 50+ reviews, you will be taken to the reviews on clicking this" data-di-id="di-id-f9fe053c-665ea5f8"><div class="rating-stars"><div style="width: 91%;" class="rating-stars__stars rating-stars__stars--top" aria-hidden="true"><span aria-hidden="true">★</span><span aria-hidden="true">★</span><span aria-hidden="true">★</span><span aria-hidden="true">★</span><span aria-hidden="true">★</span></div><div class="rating-stars__stars rating-stars__stars--bottom" aria-hidden="true"><span aria-hidden="true">☆</span><span aria-hidden="true">☆</span><span aria-hidden="true">☆</span><span aria-hidden="true">☆</span><span aria-hidden="true">☆</span></div></div><span class="co-product__review-count" aria-hidden="true">(50+)</span></button></div><div class="co-item__bundled-item-count-container"></div><div class="co-item__promo-container co-item__promo-container--rest-in-shelf"></div><div class="label-container"><div><ul><div class="co-item__icon-list-container"><ul class="co-product__promo-icon-list co-item__promo-icon-list co-item__promo-icon-list--list-position"><li class="co-product__promo-icon-item"><div class="co-product__promo-icon-image-cntr"><button data-auto-id="btnPromo" type="button" class="asda-btn asda-btn--plain co-product__promo-icon-button" aria-label="show information on Frozen"><picture class="asda-image picture"><source srcset="https://ui.assets-asda.com/dm/_046_frozen?$Icon-wapp2x$="><img alt="Frozen" class="asda-img asda-image co-product__promo-icon-img" data-auto-id="" src="https://ui.assets-asda.com/dm/_046_frozen?$Icon-wapp2x$=" loading="lazy" title="Frozen"></picture></button></div></li></ul></div></ul></div></div></div><div class="co-item__col3 co-item__col3--rest-in-shelf"><div class="co-item__price-container co-item__price-container--rest-in-shelf"><span class="co-item__price-per-uom"><strong class="co-product__price"><span class="co-product__hidden-label"> now </span>£6.74</strong><p class="co-item__price-per-uom-msg"><span class="co-product__price-per-uom">(£13.37/kg)</span></p></span></div><div class="co-item__quantity-container co-item__quantity-container--rest-in-shelf"><div class="co-item__quantity-container"><div class="quantity-button"><div class="add-button-with-tooltip"><div class="tooltip-wrapper"><button data-auto-id="btnAdd" type="button" class="asda-btn asda-btn--primary asda-btn--fluid add-button" aria-label="Add item Birds Eye 18 Cod Fish Fingers 504g to cart" data-di-id="di-id-bd5e14ce-b3d9e896">Add</button></div></div></div></div></div></div><div class="co-item__col4"><a class="asda-link asda-link--primary" data-auto-id="linkViewTheShelf" target="_self" href="/shelf/frozen-food/chicken-meat-fish/frozen-fish/fish-fingers-shapes/1215338621416-1215666947082-1215685961757-910001112636" data-di-id="di-id-5e510a12-5c954c41">View the shelf</a></div></div></div></li><li class=" co-item co-item--rest-in-shelf " style="order: 62;"><div><div class="co-product"><div class="co-item__col1 co-item__col1--rest-in-shelf"><button type="button" data-auto-id="linkProductImage" class="asda-link asda-link--primary asda-link--button" aria-disabled="false"><div class="thumbnail__image-container co-product__image co-product__image--rest-in-shelf co-item__image"><picture class="asda-image picture"><source type="image/webp" srcset="https://ui.assets-asda.com/dm/asdagroceries/5000116128921?$ProdList2x$=&amp;fmt=webp"><img alt="Birds Eye 32 Omega 3 Fish Fingers 896g" class="asda-img asda-image thumbnail__image" data-auto-id="" src="https://ui.assets-asda.com/dm/asdagroceries/5000116128921?$ProdList2x$=&amp;fmt=jpg" loading="lazy" title="Birds Eye 32 Omega 3 Fish Fingers 896g"></picture></div></button><div class="co-item__items-container"><div class="co-item-fsl__favourites-image-container co-item__items" role="presentation" data-auto-id="favouritesAndShoppingList"><div class="context-wrapper"><button data-auto-id="" type="button" class="asda-btn asda-btn--plain asda-btn--icon co-item-fsl__favourites-button" aria-label="options for favourite shopping list" aria-expanded="false"><span role="img" data-auto-id="" class="asda-icon asda-icon--white asda-icon--regular asda-icon--rotate0 co-item-fsl__favourites-image co-item__items"><svg viewBox="0 0 35 23" xmlns="http://www.w3.org/2000/svg" xmlns:xlink="http://www.w3.org/1999/xlink" data-di-res-id="46313b01-a74a87be" data-di-rand="1750009195285"><defs><path id="asda_fav_list_1" d="M7.02 2C7 2.344 7 2.685 7 3h6c0-.315 0-.656-.02-1H18c1 0 2 .784 2 1.667v17.667C20 22.167 19 23 18 23H2c-1 0-2-.833-2-1.666V3.667C0 2.833 1 2 2 2h5.02zM12 2H8c0-1 1-2 2-2s2 1 2 2zM7 17v2h10v-2H7zm-4-5v2h2v-2H3zm0-5v2h2V7H3zm0 10v2h2v-2H3zm4-5v2h10v-2H7zm0-5v2h10V7H7z"></path><path id="asda_fav_list_2" d="M24 21c-1.818-1.8-10-7.65-10-12.6C14 5.7 15.818 3 19 3c2 0 4 .82 5 3.295C25 3.82 27 3 29 3c3.182 0 5 2.7 5 5.4 0 4.95-8.182 10.8-10 12.6z"></path></defs><g class="asda-icon__draw" fill="none" fill-rule="evenodd"><use fill="#3d3d3d" xlink:href="#asda_fav_list_1"></use><use class="asda-icon__draw" fill="#FFF" stroke="#3d3d3d" stroke-width="1.9" xlink:href="#asda_fav_list_2"></use></g></svg></span></button></div></div><div class="co-item__volume-container co-item__items"><span class="co-product__volume co-item__volume">896g      </span></div></div></div><div class="co-item__col2 co-item__col2--rest-in-shelf co-item__col2--has-icon-list"><div class="co-item__title-container co-item__title-container--rest-in-shelf"><h3 class="co-product__title"><a class="co-product__anchor" data-auto-id="linkProductTitle" href="/product/fish-fingers-shapes/birds-eye-32-omega-3-fish-fingers-896-g/1000383225074" data-di-id="di-id-25607fb2-31687e04">Birds Eye 32 Omega 3 Fish Fingers 896g</a></h3></div><div class="co-item__rating-container"><button type="button" data-auto-id="linkProductRating" class="asda-link asda-link--primary asda-link--button co-product__rating" aria-disabled="false" aria-label="4.63 stars out of 5 based on 50+ reviews, you will be taken to the reviews on clicking this" data-di-id="di-id-f9fe053c-665ea5f8"><div class="rating-stars"><div style="width: 92.6%;" class="rating-stars__stars rating-stars__stars--top" aria-hidden="true"><span aria-hidden="true">★</span><span aria-hidden="true">★</span><span aria-hidden="true">★</span><span aria-hidden="true">★</span><span aria-hidden="true">★</span></div><div class="rating-stars__stars rating-stars__stars--bottom" aria-hidden="true"><span aria-hidden="true">☆</span><span aria-hidden="true">☆</span><span aria-hidden="true">☆</span><span aria-hidden="true">☆</span><span aria-hidden="true">☆</span></div></div><span class="co-product__review-count" aria-hidden="true">(50+)</span></button></div><div class="co-item__bundled-item-count-container"></div><div class="co-item__promo-container co-item__promo-container--rest-in-shelf"></div><div class="label-container"><div><ul><div class="co-item__icon-list-container"><ul class="co-product__promo-icon-list co-item__promo-icon-list co-item__promo-icon-list--list-position"><li class="co-product__promo-icon-item"><div class="co-product__promo-icon-image-cntr"><button data-auto-id="btnPromo" type="button" class="asda-btn asda-btn--plain co-product__promo-icon-button" aria-label="show information on Frozen"><picture class="asda-image picture"><source srcset="https://ui.assets-asda.com/dm/_046_frozen?$Icon-wapp2x$="><img alt="Frozen" class="asda-img asda-image co-product__promo-icon-img" data-auto-id="" src="https://ui.assets-asda.com/dm/_046_frozen?$Icon-wapp2x$=" loading="lazy" title="Frozen"></picture></button></div></li></ul></div></ul></div></div></div><div class="co-item__col3 co-item__col3--rest-in-shelf"><div class="co-item__price-container co-item__price-container--rest-in-shelf"><span class="co-item__price-per-uom"><strong class="co-product__price"><span class="co-product__hidden-label"> now </span>£5.00</strong><p class="co-item__price-per-uom-msg"><span class="co-product__price-per-uom">(£5.58/kg)</span></p></span></div><div class="co-item__quantity-container co-item__quantity-container--rest-in-shelf"><div class="co-item__quantity-container"><div class="quantity-button"><div class="add-button-with-tooltip"><div class="tooltip-wrapper"><button data-auto-id="btnAdd" type="button" class="asda-btn asda-btn--primary asda-btn--fluid add-button" aria-label="Add item Birds Eye 32 Omega 3 Fish Fingers 896g to cart" data-di-id="di-id-bd5e14ce-b3d9e896">Add</button></div></div></div></div></div></div><div class="co-item__col4"><a class="asda-link asda-link--primary" data-auto-id="linkViewTheShelf" target="_self" href="/shelf/frozen-food/chicken-meat-fish/frozen-fish/fish-fingers-shapes/1215338621416-1215666947082-1215685961757-910001112636" data-di-id="di-id-5e510a12-5c954c41">View the shelf</a></div></div></div></li><div class="asda-banner-static-tempo co-product-dynamic co-product-dynamic--rest-in-shelf" data-tracking-code="EVENTS_SearchPromo__BBQ_250501_SeaBass" data-module-type="DoubleWidthBanner" role="presentation"><a class="asda-link asda-link--primary banner__link" data-auto-id="btnBannerImg" target="_self" href="/aisle/summer/bbq/seafood-fish/1215684741317-1215684741318-1215684741329" data-di-id="di-id-654131fd-28611ba8"><picture class="asda-image picture"><source type="image/webp" srcset="https://asdagroceries.scene7.com/is/image/asdagroceries/250501_SearchPromo__BBQ_ASDATender?scl=1&amp;fmt=webp"><img alt="Asda Tender Sea Bass. Summer. Shop now." class="asda-img asda-image banner__image" data-auto-id="" src="https://asdagroceries.scene7.com/is/image/asdagroceries/250501_SearchPromo__BBQ_ASDATender?scl=1&amp;fmt=jpg" loading="lazy" title=""></picture></a></div></ul></div><div class="search-pagination"><div class="search-pagination__item-count" aria-label="Showing 61 - 120 items of 1312" role="text"><div class="search-pagination__count-pretext" aria-hidden="true">Showing:</div><div class="search-pagination__counts" aria-hidden="true"><span class="search-pagination__count-text search-pagination__count-text--first">61</span> - <span class="search-pagination__count-text search-pagination__count-text--last">120</span> of <span class="search-pagination__count-text search-pagination__count-text--total">1312</span> items</div></div><div class="co-pagination"><span class="co-pagination__text co-pagination__text--left">&nbsp;Page&nbsp;</span><div class="co-dropdown co-pagination"><select name="" class="co-dropdown__select co-pagination__select"><option value="1" class="co-dropdown__option" aria-label="page 1 of results">1</option><option value="2" class="co-dropdown__option" aria-label="page 2 of results">2</option><option value="3" class="co-dropdown__option" aria-label="page 3 of results">3</option><option value="4" class="co-dropdown__option" aria-label="page 4 of results">4</option><option value="5" class="co-dropdown__option" aria-label="page 5 of results">5</option><option value="6" class="co-dropdown__option" aria-label="page 6 of results">6</option><option value="7" class="co-dropdown__option" aria-label="page 7 of results">7</option><option value="8" class="co-dropdown__option" aria-label="page 8 of results">8</option><option value="9" class="co-dropdown__option" aria-label="page 9 of results">9</option><option value="10" class="co-dropdown__option" aria-label="page 10 of results">10</option><option value="11" class="co-dropdown__option" aria-label="page 11 of results">11</option><option value="12" class="co-dropdown__option" aria-label="page 12 of results">12</option><option value="13" class="co-dropdown__option" aria-label="page 13 of results">13</option><option value="14" class="co-dropdown__option" aria-label="page 14 of results">14</option><option value="15" class="co-dropdown__option" aria-label="page 15 of results">15</option><option value="16" class="co-dropdown__option" aria-label="page 16 of results">16</option><option value="17" class="co-dropdown__option" aria-label="page 17 of results">17</option><option value="18" class="co-dropdown__option" aria-label="page 18 of results">18</option><option value="19" class="co-dropdown__option" aria-label="page 19 of results">19</option><option value="20" class="co-dropdown__option" aria-label="page 20 of results">20</option><option value="21" class="co-dropdown__option" aria-label="page 21 of results">21</option><option value="22" class="co-dropdown__option" aria-label="page 22 of results">22</option></select><span aria-hidden="true" role="img" data-auto-id="" class="asda-icon asda-icon--charcoal asda-icon--small asda-icon--rotate0 co-dropdown__caret co-pagination__caret"><svg viewBox="0 0 32 32" xmlns="http://www.w3.org/2000/svg" data-di-res-id="b7a37ae7-687356" data-di-rand="1750009195310"><path d="M10.546 12h10.91c.462 0 .714.565.418.937l-5.454 6.857a.53.53 0 01-.838 0l-5.455-6.857c-.296-.372-.043-.937.42-.937z" fill="#3d3d3d" class="asda-icon__draw"></path></svg></span></div><span class="co-pagination__text co-pagination__text--center">&nbsp;of&nbsp;</span><div class="co-pagination__max-page"><a data-auto-id="linkPagination" href="%2Fsearch%2Ffish%2Fproducts%3Fpage%3D22" target="_self" class="asda-link asda-link--primary co-pagination__last-page" aria-label="page 22 of 1312 results" data-di-id="di-id-111085c4-afb0daa7">22</a></div><span class="co-pagination__text co-pagination__text--divider"> | </span><a data-auto-id="btnleft" href="%2Fsearch%2Ffish%2Fproducts%3Fpage%3D1" class="asda-btn asda-btn--clear co-pagination__arrow co-pagination__arrow--left" target="_self" aria-label="go back to previous page of results" aria-disabled="false" tabindex="0" data-di-id="di-id-191c71c2-2904f89"><span role="img" data-auto-id="" class="asda-icon asda-icon--charcoal asda-icon--small asda-icon--rotate90"><svg viewBox="0 0 32 32" xmlns="http://www.w3.org/2000/svg" data-di-res-id="b7a37ae7-a7de467f" data-di-rand="1750009195310"><path d="M16.46 19.339l9.193-9.193a.5.5 0 01.707 0l.707.708a.5.5 0 010 .707l-9.546 9.546a2 2 0 01-2.829 0L5.146 11.56a.5.5 0 010-.707l.708-.708a.5.5 0 01.707 0l9.192 9.193a.5.5 0 00.707 0z" fill="#3d3d3d" class="asda-icon__draw" fill-rule="evenodd"></path></svg></span></a><a data-auto-id="btnright" href="%2Fsearch%2Ffish%2Fproducts%3Fpage%3D3" class="asda-btn asda-btn--clear co-pagination__arrow co-pagination__arrow--right" target="_self" aria-label="go to next page of results" aria-disabled="false" tabindex="0" data-di-id="di-id-191c71c2-1149be7"><span role="img" data-auto-id="" class="asda-icon asda-icon--charcoal asda-icon--small asda-icon--rotate270"><svg viewBox="0 0 32 32" xmlns="http://www.w3.org/2000/svg" data-di-res-id="b7a37ae7-f318fd10" data-di-rand="1750009195310"><path d="M16.46 19.339l9.193-9.193a.5.5 0 01.707 0l.707.708a.5.5 0 010 .707l-9.546 9.546a2 2 0 01-2.829 0L5.146 11.56a.5.5 0 010-.707l.708-.708a.5.5 0 01.707 0l9.192 9.193a.5.5 0 00.707 0z" fill="#3d3d3d" class="asda-icon__draw" fill-rule="evenodd"></path></svg></span></a></div></div></div>